%YAML 1.1
%TAG !u! tag:unity3d.com,2011:
--- !u!1 &189672995
GameObject:
  m_ObjectHideFlags: 0
  m_CorrespondingSourceObject: {fileID: 0}
  m_PrefabInstance: {fileID: 0}
  m_PrefabAsset: {fileID: 0}
  serializedVersion: 6
  m_Component:
  - component: {fileID: 189672996}
  - component: {fileID: 189672997}
  m_Layer: 0
  m_Name: GameManager
  m_TagString: Untagged
  m_Icon: {fileID: 0}
  m_NavMeshLayer: 0
  m_StaticEditorFlags: 0
  m_IsActive: 1
--- !u!4 &189672996
Transform:
  m_ObjectHideFlags: 0
  m_CorrespondingSourceObject: {fileID: 0}
  m_PrefabInstance: {fileID: 0}
  m_PrefabAsset: {fileID: 0}
  m_GameObject: {fileID: 189672995}
  m_LocalRotation: {x: 0, y: 0, z: 0, w: 1}
  m_LocalPosition: {x: 0, y: 0, z: 0}
  m_LocalScale: {x: 1, y: 1, z: 1}
  m_ConstrainProportionsScale: 0
  m_Children: []
  m_Father: {fileID: 6027823646071703843}
  m_RootOrder: 2
  m_LocalEulerAnglesHint: {x: 0, y: 0, z: 0}
--- !u!114 &189672997
MonoBehaviour:
  m_ObjectHideFlags: 0
  m_CorrespondingSourceObject: {fileID: 0}
  m_PrefabInstance: {fileID: 0}
  m_PrefabAsset: {fileID: 0}
  m_GameObject: {fileID: 189672995}
  m_Enabled: 1
  m_EditorHideFlags: 0
  m_Script: {fileID: 11500000, guid: 8b8d3a34089c936469b8b69a882d8274, type: 3}
  m_Name: 
  m_EditorClassIdentifier: 
--- !u!1 &416287112
GameObject:
  m_ObjectHideFlags: 0
  m_CorrespondingSourceObject: {fileID: 0}
  m_PrefabInstance: {fileID: 0}
  m_PrefabAsset: {fileID: 0}
  serializedVersion: 6
  m_Component:
  - component: {fileID: 416287113}
  - component: {fileID: 416287114}
  m_Layer: 0
  m_Name: CurrencyManager
  m_TagString: Untagged
  m_Icon: {fileID: 0}
  m_NavMeshLayer: 0
  m_StaticEditorFlags: 0
  m_IsActive: 1
--- !u!4 &416287113
Transform:
  m_ObjectHideFlags: 0
  m_CorrespondingSourceObject: {fileID: 0}
  m_PrefabInstance: {fileID: 0}
  m_PrefabAsset: {fileID: 0}
  m_GameObject: {fileID: 416287112}
  m_LocalRotation: {x: 0, y: 0, z: 0, w: 1}
  m_LocalPosition: {x: 0, y: 0, z: 0}
  m_LocalScale: {x: 1, y: 1, z: 1}
  m_ConstrainProportionsScale: 0
  m_Children: []
  m_Father: {fileID: 6027823646071703843}
  m_RootOrder: 5
  m_LocalEulerAnglesHint: {x: 0, y: 0, z: 0}
--- !u!114 &416287114
MonoBehaviour:
  m_ObjectHideFlags: 0
  m_CorrespondingSourceObject: {fileID: 0}
  m_PrefabInstance: {fileID: 0}
  m_PrefabAsset: {fileID: 0}
  m_GameObject: {fileID: 416287112}
  m_Enabled: 1
  m_EditorHideFlags: 0
  m_Script: {fileID: 11500000, guid: bf9422ec59074830849b3513b03b8eca, type: 3}
  m_Name: 
  m_EditorClassIdentifier: 
--- !u!1 &478653894
GameObject:
  m_ObjectHideFlags: 0
  m_CorrespondingSourceObject: {fileID: 0}
  m_PrefabInstance: {fileID: 0}
  m_PrefabAsset: {fileID: 0}
  serializedVersion: 6
  m_Component:
  - component: {fileID: 478653895}
  - component: {fileID: 478653896}
  m_Layer: 0
  m_Name: UpgradeManager
  m_TagString: Untagged
  m_Icon: {fileID: 0}
  m_NavMeshLayer: 0
  m_StaticEditorFlags: 0
  m_IsActive: 1
--- !u!4 &478653895
Transform:
  m_ObjectHideFlags: 0
  m_CorrespondingSourceObject: {fileID: 0}
  m_PrefabInstance: {fileID: 0}
  m_PrefabAsset: {fileID: 0}
  m_GameObject: {fileID: 478653894}
  m_LocalRotation: {x: -0, y: -0, z: -0, w: 1}
  m_LocalPosition: {x: 0, y: 0, z: 0}
  m_LocalScale: {x: 1, y: 1, z: 1}
  m_ConstrainProportionsScale: 0
  m_Children: []
  m_Father: {fileID: 6027823646071703843}
  m_RootOrder: 4
  m_LocalEulerAnglesHint: {x: 0, y: 0, z: 0}
--- !u!114 &478653896
MonoBehaviour:
  m_ObjectHideFlags: 0
  m_CorrespondingSourceObject: {fileID: 0}
  m_PrefabInstance: {fileID: 0}
  m_PrefabAsset: {fileID: 0}
  m_GameObject: {fileID: 478653894}
  m_Enabled: 1
  m_EditorHideFlags: 0
  m_Script: {fileID: 11500000, guid: 639303c2b24d41b79529acfb064b9279, type: 3}
  m_Name: 
  m_EditorClassIdentifier: 
  upgradeSo: {fileID: 0}
--- !u!1 &1308371911
GameObject:
  m_ObjectHideFlags: 0
  m_CorrespondingSourceObject: {fileID: 0}
  m_PrefabInstance: {fileID: 0}
  m_PrefabAsset: {fileID: 0}
  serializedVersion: 6
  m_Component:
  - component: {fileID: 1308371912}
  - component: {fileID: 1308371913}
  m_Layer: 0
  m_Name: ParticlesManager
  m_TagString: Untagged
  m_Icon: {fileID: 0}
  m_NavMeshLayer: 0
  m_StaticEditorFlags: 0
  m_IsActive: 1
--- !u!4 &1308371912
Transform:
  m_ObjectHideFlags: 0
  m_CorrespondingSourceObject: {fileID: 0}
  m_PrefabInstance: {fileID: 0}
  m_PrefabAsset: {fileID: 0}
  m_GameObject: {fileID: 1308371911}
  m_LocalRotation: {x: 0, y: 0, z: 0, w: 1}
  m_LocalPosition: {x: 0, y: 0, z: 0}
  m_LocalScale: {x: 1, y: 1, z: 1}
  m_ConstrainProportionsScale: 0
  m_Children:
  - {fileID: 1807945385095388203}
  - {fileID: 6075149474859813155}
  - {fileID: 4500253242785605274}
  - {fileID: 1589049544927149843}
  - {fileID: 3608310099902686592}
  - {fileID: 1303953177347852112}
  - {fileID: 2707225064462203767}
  - {fileID: 5748542599698671236}
  - {fileID: 8800445146899270697}
  - {fileID: 6429610770219590697}
  - {fileID: 49337080988127015}
  - {fileID: 2958350576894941049}
  - {fileID: 6728121514445684231}
  - {fileID: 5572303545773548707}
  - {fileID: 5216898418774526167}
  m_Father: {fileID: 6027823646071703843}
  m_RootOrder: 3
  m_LocalEulerAnglesHint: {x: 0, y: 0, z: 0}
--- !u!114 &1308371913
MonoBehaviour:
  m_ObjectHideFlags: 0
  m_CorrespondingSourceObject: {fileID: 0}
  m_PrefabInstance: {fileID: 0}
  m_PrefabAsset: {fileID: 0}
  m_GameObject: {fileID: 1308371911}
  m_Enabled: 1
  m_EditorHideFlags: 0
  m_Script: {fileID: 11500000, guid: d2b62c481a704c1ebf2616c9d074462e, type: 3}
  m_Name: 
  m_EditorClassIdentifier: 
  particles:
  - {fileID: 1490406511392578145}
  - {fileID: 6482549233000550249}
  - {fileID: 3732916846003232976}
  - {fileID: 1996379176939157849}
  - {fileID: 4587666671417058250}
  - {fileID: 2279229250707816730}
  - {fileID: 2893596530568903997}
  - {fileID: 4791563257710928078}
  - {fileID: 8617803187776965219}
  - {fileID: 6089834829000991331}
  - {fileID: 943125601015581037}
  - {fileID: 2645807881646248243}
  - {fileID: 5829618012640229453}
  - {fileID: 4678444936476648169}
  - {fileID: 5034959599485800093}
--- !u!1 &908793817757791641
GameObject:
  m_ObjectHideFlags: 0
  m_CorrespondingSourceObject: {fileID: 0}
  m_PrefabInstance: {fileID: 0}
  m_PrefabAsset: {fileID: 0}
  serializedVersion: 6
  m_Component:
  - component: {fileID: 908793817757791643}
  - component: {fileID: 908793817757791642}
  m_Layer: 0
  m_Name: SceneLoader
  m_TagString: Untagged
  m_Icon: {fileID: 0}
  m_NavMeshLayer: 0
  m_StaticEditorFlags: 0
  m_IsActive: 1
--- !u!4 &908793817757791643
Transform:
  m_ObjectHideFlags: 0
  m_CorrespondingSourceObject: {fileID: 0}
  m_PrefabInstance: {fileID: 0}
  m_PrefabAsset: {fileID: 0}
  m_GameObject: {fileID: 908793817757791641}
  m_LocalRotation: {x: 0, y: 0, z: 0, w: 1}
  m_LocalPosition: {x: 0, y: 0, z: 0}
  m_LocalScale: {x: 1, y: 1, z: 1}
  m_ConstrainProportionsScale: 0
  m_Children: []
  m_Father: {fileID: 6027823646071703843}
  m_RootOrder: 1
  m_LocalEulerAnglesHint: {x: 0, y: 0, z: 0}
--- !u!114 &908793817757791642
MonoBehaviour:
  m_ObjectHideFlags: 0
  m_CorrespondingSourceObject: {fileID: 0}
  m_PrefabInstance: {fileID: 0}
  m_PrefabAsset: {fileID: 0}
  m_GameObject: {fileID: 908793817757791641}
  m_Enabled: 1
  m_EditorHideFlags: 0
  m_Script: {fileID: 11500000, guid: ee3b0566e971fae48b27f37480d7c4d4, type: 3}
  m_Name: 
  m_EditorClassIdentifier: 
  loadingBar: {fileID: 0}
--- !u!1 &6027823645461245159
GameObject:
  m_ObjectHideFlags: 0
  m_CorrespondingSourceObject: {fileID: 0}
  m_PrefabInstance: {fileID: 0}
  m_PrefabAsset: {fileID: 0}
  serializedVersion: 6
  m_Component:
  - component: {fileID: 6027823645461245156}
  - component: {fileID: 6027823645461245157}
  m_Layer: 0
  m_Name: GameInput
  m_TagString: Untagged
  m_Icon: {fileID: 0}
  m_NavMeshLayer: 0
  m_StaticEditorFlags: 0
  m_IsActive: 1
--- !u!4 &6027823645461245156
Transform:
  m_ObjectHideFlags: 0
  m_CorrespondingSourceObject: {fileID: 0}
  m_PrefabInstance: {fileID: 0}
  m_PrefabAsset: {fileID: 0}
  m_GameObject: {fileID: 6027823645461245159}
  m_LocalRotation: {x: -0, y: -0, z: -0, w: 1}
  m_LocalPosition: {x: 0, y: 0, z: 0}
  m_LocalScale: {x: 1, y: 1, z: 1}
  m_ConstrainProportionsScale: 0
  m_Children: []
  m_Father: {fileID: 6027823646071703843}
  m_RootOrder: 0
  m_LocalEulerAnglesHint: {x: 0, y: 0, z: 0}
--- !u!114 &6027823645461245157
MonoBehaviour:
  m_ObjectHideFlags: 0
  m_CorrespondingSourceObject: {fileID: 0}
  m_PrefabInstance: {fileID: 0}
  m_PrefabAsset: {fileID: 0}
  m_GameObject: {fileID: 6027823645461245159}
  m_Enabled: 1
  m_EditorHideFlags: 0
  m_Script: {fileID: 11500000, guid: fd4d9046774080d448ed91f3b143eac6, type: 3}
  m_Name: 
  m_EditorClassIdentifier: 
--- !u!1 &6027823646071703842
GameObject:
  m_ObjectHideFlags: 0
  m_CorrespondingSourceObject: {fileID: 0}
  m_PrefabInstance: {fileID: 0}
  m_PrefabAsset: {fileID: 0}
  serializedVersion: 6
  m_Component:
  - component: {fileID: 6027823646071703843}
  m_Layer: 0
  m_Name: ------ Managers -------
  m_TagString: Untagged
  m_Icon: {fileID: 0}
  m_NavMeshLayer: 0
  m_StaticEditorFlags: 0
  m_IsActive: 1
--- !u!4 &6027823646071703843
Transform:
  m_ObjectHideFlags: 0
  m_CorrespondingSourceObject: {fileID: 0}
  m_PrefabInstance: {fileID: 0}
  m_PrefabAsset: {fileID: 0}
  m_GameObject: {fileID: 6027823646071703842}
  m_LocalRotation: {x: 0, y: 0, z: 0, w: 1}
  m_LocalPosition: {x: 457.94666, y: 351.53268, z: 9.875048}
  m_LocalScale: {x: 1, y: 1, z: 1}
  m_ConstrainProportionsScale: 0
  m_Children:
  - {fileID: 6027823645461245156}
  - {fileID: 908793817757791643}
  - {fileID: 189672996}
  - {fileID: 1308371912}
  - {fileID: 478653895}
  - {fileID: 416287113}
  m_Father: {fileID: 0}
  m_RootOrder: 0
  m_LocalEulerAnglesHint: {x: 0, y: 0, z: 0}
--- !u!1001 &558239511823521647
PrefabInstance:
  m_ObjectHideFlags: 0
  serializedVersion: 2
  m_Modification:
    m_TransformParent: {fileID: 1308371912}
    m_Modifications:
    - target: {fileID: 6048342693531065932, guid: 8202379e658710a408ff076f2459b43e,
        type: 3}
      propertyPath: m_RootOrder
      value: 1
      objectReference: {fileID: 0}
    - target: {fileID: 6048342693531065932, guid: 8202379e658710a408ff076f2459b43e,
        type: 3}
      propertyPath: m_LocalPosition.x
      value: 0
      objectReference: {fileID: 0}
    - target: {fileID: 6048342693531065932, guid: 8202379e658710a408ff076f2459b43e,
        type: 3}
      propertyPath: m_LocalPosition.y
      value: 0
      objectReference: {fileID: 0}
    - target: {fileID: 6048342693531065932, guid: 8202379e658710a408ff076f2459b43e,
        type: 3}
      propertyPath: m_LocalPosition.z
      value: 0
      objectReference: {fileID: 0}
    - target: {fileID: 6048342693531065932, guid: 8202379e658710a408ff076f2459b43e,
        type: 3}
      propertyPath: m_LocalRotation.w
      value: 1
      objectReference: {fileID: 0}
    - target: {fileID: 6048342693531065932, guid: 8202379e658710a408ff076f2459b43e,
        type: 3}
      propertyPath: m_LocalRotation.x
      value: 0
      objectReference: {fileID: 0}
    - target: {fileID: 6048342693531065932, guid: 8202379e658710a408ff076f2459b43e,
        type: 3}
      propertyPath: m_LocalRotation.y
      value: 0
      objectReference: {fileID: 0}
    - target: {fileID: 6048342693531065932, guid: 8202379e658710a408ff076f2459b43e,
        type: 3}
      propertyPath: m_LocalRotation.z
      value: 0
      objectReference: {fileID: 0}
    - target: {fileID: 6048342693531065932, guid: 8202379e658710a408ff076f2459b43e,
        type: 3}
      propertyPath: m_LocalEulerAnglesHint.x
      value: 0
      objectReference: {fileID: 0}
    - target: {fileID: 6048342693531065932, guid: 8202379e658710a408ff076f2459b43e,
        type: 3}
      propertyPath: m_LocalEulerAnglesHint.y
      value: 0
      objectReference: {fileID: 0}
    - target: {fileID: 6048342693531065932, guid: 8202379e658710a408ff076f2459b43e,
        type: 3}
      propertyPath: m_LocalEulerAnglesHint.z
      value: 0
      objectReference: {fileID: 0}
    - target: {fileID: 6794216387870889990, guid: 8202379e658710a408ff076f2459b43e,
        type: 3}
      propertyPath: m_Name
      value: Wizard Fireball (1)
      objectReference: {fileID: 0}
    m_RemovedComponents: []
  m_SourcePrefab: {fileID: 100100000, guid: 8202379e658710a408ff076f2459b43e, type: 3}
--- !u!4 &6075149474859813155 stripped
Transform:
  m_CorrespondingSourceObject: {fileID: 6048342693531065932, guid: 8202379e658710a408ff076f2459b43e,
    type: 3}
  m_PrefabInstance: {fileID: 558239511823521647}
  m_PrefabAsset: {fileID: 0}
--- !u!1 &6482549233000550249 stripped
GameObject:
  m_CorrespondingSourceObject: {fileID: 6794216387870889990, guid: 8202379e658710a408ff076f2459b43e,
    type: 3}
  m_PrefabInstance: {fileID: 558239511823521647}
  m_PrefabAsset: {fileID: 0}
--- !u!1001 &777600239644801637
PrefabInstance:
  m_ObjectHideFlags: 0
  serializedVersion: 2
  m_Modification:
    m_TransformParent: {fileID: 1308371912}
    m_Modifications:
    - target: {fileID: 6048342693531065932, guid: accdc5402b1e87c41979d15da97c79cb,
        type: 3}
      propertyPath: m_RootOrder
      value: 9
      objectReference: {fileID: 0}
    - target: {fileID: 6048342693531065932, guid: accdc5402b1e87c41979d15da97c79cb,
        type: 3}
      propertyPath: m_LocalPosition.x
      value: 0
      objectReference: {fileID: 0}
    - target: {fileID: 6048342693531065932, guid: accdc5402b1e87c41979d15da97c79cb,
        type: 3}
      propertyPath: m_LocalPosition.y
      value: 0
      objectReference: {fileID: 0}
    - target: {fileID: 6048342693531065932, guid: accdc5402b1e87c41979d15da97c79cb,
        type: 3}
      propertyPath: m_LocalPosition.z
      value: 0
      objectReference: {fileID: 0}
    - target: {fileID: 6048342693531065932, guid: accdc5402b1e87c41979d15da97c79cb,
        type: 3}
      propertyPath: m_LocalRotation.w
      value: 1
      objectReference: {fileID: 0}
    - target: {fileID: 6048342693531065932, guid: accdc5402b1e87c41979d15da97c79cb,
        type: 3}
      propertyPath: m_LocalRotation.x
      value: 0
      objectReference: {fileID: 0}
    - target: {fileID: 6048342693531065932, guid: accdc5402b1e87c41979d15da97c79cb,
        type: 3}
      propertyPath: m_LocalRotation.y
      value: 0
      objectReference: {fileID: 0}
    - target: {fileID: 6048342693531065932, guid: accdc5402b1e87c41979d15da97c79cb,
        type: 3}
      propertyPath: m_LocalRotation.z
      value: 0
      objectReference: {fileID: 0}
    - target: {fileID: 6048342693531065932, guid: accdc5402b1e87c41979d15da97c79cb,
        type: 3}
      propertyPath: m_LocalEulerAnglesHint.x
      value: 0
      objectReference: {fileID: 0}
    - target: {fileID: 6048342693531065932, guid: accdc5402b1e87c41979d15da97c79cb,
        type: 3}
      propertyPath: m_LocalEulerAnglesHint.y
      value: 0
      objectReference: {fileID: 0}
    - target: {fileID: 6048342693531065932, guid: accdc5402b1e87c41979d15da97c79cb,
        type: 3}
      propertyPath: m_LocalEulerAnglesHint.z
      value: 0
      objectReference: {fileID: 0}
    - target: {fileID: 6794216387870889990, guid: accdc5402b1e87c41979d15da97c79cb,
        type: 3}
      propertyPath: m_Name
      value: Wizard Projectile (5)
      objectReference: {fileID: 0}
    m_RemovedComponents: []
  m_SourcePrefab: {fileID: 100100000, guid: accdc5402b1e87c41979d15da97c79cb, type: 3}
--- !u!1 &6089834829000991331 stripped
GameObject:
  m_CorrespondingSourceObject: {fileID: 6794216387870889990, guid: accdc5402b1e87c41979d15da97c79cb,
    type: 3}
  m_PrefabInstance: {fileID: 777600239644801637}
  m_PrefabAsset: {fileID: 0}
--- !u!4 &6429610770219590697 stripped
Transform:
  m_CorrespondingSourceObject: {fileID: 6048342693531065932, guid: accdc5402b1e87c41979d15da97c79cb,
    type: 3}
  m_PrefabInstance: {fileID: 777600239644801637}
  m_PrefabAsset: {fileID: 0}
--- !u!1001 &1058083664238026827
PrefabInstance:
  m_ObjectHideFlags: 0
  serializedVersion: 2
  m_Modification:
    m_TransformParent: {fileID: 1308371912}
    m_Modifications:
    - target: {fileID: 6048342693531065932, guid: accdc5402b1e87c41979d15da97c79cb,
        type: 3}
      propertyPath: m_RootOrder
      value: 12
      objectReference: {fileID: 0}
    - target: {fileID: 6048342693531065932, guid: accdc5402b1e87c41979d15da97c79cb,
        type: 3}
      propertyPath: m_LocalPosition.x
      value: 0
      objectReference: {fileID: 0}
    - target: {fileID: 6048342693531065932, guid: accdc5402b1e87c41979d15da97c79cb,
        type: 3}
      propertyPath: m_LocalPosition.y
      value: 0
      objectReference: {fileID: 0}
    - target: {fileID: 6048342693531065932, guid: accdc5402b1e87c41979d15da97c79cb,
        type: 3}
      propertyPath: m_LocalPosition.z
      value: 0
      objectReference: {fileID: 0}
    - target: {fileID: 6048342693531065932, guid: accdc5402b1e87c41979d15da97c79cb,
        type: 3}
      propertyPath: m_LocalRotation.w
      value: 1
      objectReference: {fileID: 0}
    - target: {fileID: 6048342693531065932, guid: accdc5402b1e87c41979d15da97c79cb,
        type: 3}
      propertyPath: m_LocalRotation.x
      value: 0
      objectReference: {fileID: 0}
    - target: {fileID: 6048342693531065932, guid: accdc5402b1e87c41979d15da97c79cb,
        type: 3}
      propertyPath: m_LocalRotation.y
      value: 0
      objectReference: {fileID: 0}
    - target: {fileID: 6048342693531065932, guid: accdc5402b1e87c41979d15da97c79cb,
        type: 3}
      propertyPath: m_LocalRotation.z
      value: 0
      objectReference: {fileID: 0}
    - target: {fileID: 6048342693531065932, guid: accdc5402b1e87c41979d15da97c79cb,
        type: 3}
      propertyPath: m_LocalEulerAnglesHint.x
      value: 0
      objectReference: {fileID: 0}
    - target: {fileID: 6048342693531065932, guid: accdc5402b1e87c41979d15da97c79cb,
        type: 3}
      propertyPath: m_LocalEulerAnglesHint.y
      value: 0
      objectReference: {fileID: 0}
    - target: {fileID: 6048342693531065932, guid: accdc5402b1e87c41979d15da97c79cb,
        type: 3}
      propertyPath: m_LocalEulerAnglesHint.z
      value: 0
      objectReference: {fileID: 0}
    - target: {fileID: 6794216387870889990, guid: accdc5402b1e87c41979d15da97c79cb,
        type: 3}
      propertyPath: m_Name
      value: Wizard Projectile (6)
      objectReference: {fileID: 0}
    m_RemovedComponents: []
  m_SourcePrefab: {fileID: 100100000, guid: accdc5402b1e87c41979d15da97c79cb, type: 3}
--- !u!1 &5829618012640229453 stripped
GameObject:
  m_CorrespondingSourceObject: {fileID: 6794216387870889990, guid: accdc5402b1e87c41979d15da97c79cb,
    type: 3}
  m_PrefabInstance: {fileID: 1058083664238026827}
  m_PrefabAsset: {fileID: 0}
--- !u!4 &6728121514445684231 stripped
Transform:
  m_CorrespondingSourceObject: {fileID: 6048342693531065932, guid: accdc5402b1e87c41979d15da97c79cb,
    type: 3}
  m_PrefabInstance: {fileID: 1058083664238026827}
  m_PrefabAsset: {fileID: 0}
--- !u!1001 &1987814609119467163
PrefabInstance:
  m_ObjectHideFlags: 0
  serializedVersion: 2
  m_Modification:
    m_TransformParent: {fileID: 1308371912}
    m_Modifications:
    - target: {fileID: 6048342693531065932, guid: accdc5402b1e87c41979d15da97c79cb,
        type: 3}
      propertyPath: m_RootOrder
      value: 14
      objectReference: {fileID: 0}
    - target: {fileID: 6048342693531065932, guid: accdc5402b1e87c41979d15da97c79cb,
        type: 3}
      propertyPath: m_LocalPosition.x
      value: 0
      objectReference: {fileID: 0}
    - target: {fileID: 6048342693531065932, guid: accdc5402b1e87c41979d15da97c79cb,
        type: 3}
      propertyPath: m_LocalPosition.y
      value: 0
      objectReference: {fileID: 0}
    - target: {fileID: 6048342693531065932, guid: accdc5402b1e87c41979d15da97c79cb,
        type: 3}
      propertyPath: m_LocalPosition.z
      value: 0
      objectReference: {fileID: 0}
    - target: {fileID: 6048342693531065932, guid: accdc5402b1e87c41979d15da97c79cb,
        type: 3}
      propertyPath: m_LocalRotation.w
      value: 1
      objectReference: {fileID: 0}
    - target: {fileID: 6048342693531065932, guid: accdc5402b1e87c41979d15da97c79cb,
        type: 3}
      propertyPath: m_LocalRotation.x
      value: 0
      objectReference: {fileID: 0}
    - target: {fileID: 6048342693531065932, guid: accdc5402b1e87c41979d15da97c79cb,
        type: 3}
      propertyPath: m_LocalRotation.y
      value: 0
      objectReference: {fileID: 0}
    - target: {fileID: 6048342693531065932, guid: accdc5402b1e87c41979d15da97c79cb,
        type: 3}
      propertyPath: m_LocalRotation.z
      value: 0
      objectReference: {fileID: 0}
    - target: {fileID: 6048342693531065932, guid: accdc5402b1e87c41979d15da97c79cb,
        type: 3}
      propertyPath: m_LocalEulerAnglesHint.x
      value: 0
      objectReference: {fileID: 0}
    - target: {fileID: 6048342693531065932, guid: accdc5402b1e87c41979d15da97c79cb,
        type: 3}
      propertyPath: m_LocalEulerAnglesHint.y
      value: 0
      objectReference: {fileID: 0}
    - target: {fileID: 6048342693531065932, guid: accdc5402b1e87c41979d15da97c79cb,
        type: 3}
      propertyPath: m_LocalEulerAnglesHint.z
      value: 0
      objectReference: {fileID: 0}
    - target: {fileID: 6794216387870889990, guid: accdc5402b1e87c41979d15da97c79cb,
        type: 3}
      propertyPath: m_Name
      value: Wizard Projectile (8)
      objectReference: {fileID: 0}
    m_RemovedComponents: []
  m_SourcePrefab: {fileID: 100100000, guid: accdc5402b1e87c41979d15da97c79cb, type: 3}
--- !u!1 &5034959599485800093 stripped
GameObject:
  m_CorrespondingSourceObject: {fileID: 6794216387870889990, guid: accdc5402b1e87c41979d15da97c79cb,
    type: 3}
  m_PrefabInstance: {fileID: 1987814609119467163}
  m_PrefabAsset: {fileID: 0}
--- !u!4 &5216898418774526167 stripped
Transform:
  m_CorrespondingSourceObject: {fileID: 6048342693531065932, guid: accdc5402b1e87c41979d15da97c79cb,
    type: 3}
  m_PrefabInstance: {fileID: 1987814609119467163}
  m_PrefabAsset: {fileID: 0}
--- !u!1001 &2033070305462909128
PrefabInstance:
  m_ObjectHideFlags: 0
  serializedVersion: 2
  m_Modification:
    m_TransformParent: {fileID: 1308371912}
    m_Modifications:
    - target: {fileID: 6048342693531065932, guid: accdc5402b1e87c41979d15da97c79cb,
        type: 3}
      propertyPath: m_RootOrder
      value: 7
      objectReference: {fileID: 0}
    - target: {fileID: 6048342693531065932, guid: accdc5402b1e87c41979d15da97c79cb,
        type: 3}
      propertyPath: m_LocalPosition.x
      value: 0
      objectReference: {fileID: 0}
    - target: {fileID: 6048342693531065932, guid: accdc5402b1e87c41979d15da97c79cb,
        type: 3}
      propertyPath: m_LocalPosition.y
      value: 0
      objectReference: {fileID: 0}
    - target: {fileID: 6048342693531065932, guid: accdc5402b1e87c41979d15da97c79cb,
        type: 3}
      propertyPath: m_LocalPosition.z
      value: 0
      objectReference: {fileID: 0}
    - target: {fileID: 6048342693531065932, guid: accdc5402b1e87c41979d15da97c79cb,
        type: 3}
      propertyPath: m_LocalRotation.w
      value: 1
      objectReference: {fileID: 0}
    - target: {fileID: 6048342693531065932, guid: accdc5402b1e87c41979d15da97c79cb,
        type: 3}
      propertyPath: m_LocalRotation.x
      value: 0
      objectReference: {fileID: 0}
    - target: {fileID: 6048342693531065932, guid: accdc5402b1e87c41979d15da97c79cb,
        type: 3}
      propertyPath: m_LocalRotation.y
      value: 0
      objectReference: {fileID: 0}
    - target: {fileID: 6048342693531065932, guid: accdc5402b1e87c41979d15da97c79cb,
        type: 3}
      propertyPath: m_LocalRotation.z
      value: 0
      objectReference: {fileID: 0}
    - target: {fileID: 6048342693531065932, guid: accdc5402b1e87c41979d15da97c79cb,
        type: 3}
      propertyPath: m_LocalEulerAnglesHint.x
      value: 0
      objectReference: {fileID: 0}
    - target: {fileID: 6048342693531065932, guid: accdc5402b1e87c41979d15da97c79cb,
        type: 3}
      propertyPath: m_LocalEulerAnglesHint.y
      value: 0
      objectReference: {fileID: 0}
    - target: {fileID: 6048342693531065932, guid: accdc5402b1e87c41979d15da97c79cb,
        type: 3}
      propertyPath: m_LocalEulerAnglesHint.z
      value: 0
      objectReference: {fileID: 0}
    - target: {fileID: 6794216387870889990, guid: accdc5402b1e87c41979d15da97c79cb,
        type: 3}
      propertyPath: m_Name
      value: Wizard Projectile (3)
      objectReference: {fileID: 0}
    m_RemovedComponents: []
  m_SourcePrefab: {fileID: 100100000, guid: accdc5402b1e87c41979d15da97c79cb, type: 3}
--- !u!1 &4791563257710928078 stripped
GameObject:
  m_CorrespondingSourceObject: {fileID: 6794216387870889990, guid: accdc5402b1e87c41979d15da97c79cb,
    type: 3}
  m_PrefabInstance: {fileID: 2033070305462909128}
  m_PrefabAsset: {fileID: 0}
--- !u!4 &5748542599698671236 stripped
Transform:
  m_CorrespondingSourceObject: {fileID: 6048342693531065932, guid: accdc5402b1e87c41979d15da97c79cb,
    type: 3}
  m_PrefabInstance: {fileID: 2033070305462909128}
  m_PrefabAsset: {fileID: 0}
--- !u!1001 &2208113121883912943
PrefabInstance:
  m_ObjectHideFlags: 0
  serializedVersion: 2
  m_Modification:
    m_TransformParent: {fileID: 1308371912}
    m_Modifications:
    - target: {fileID: 6048342693531065932, guid: accdc5402b1e87c41979d15da97c79cb,
        type: 3}
      propertyPath: m_RootOrder
      value: 13
      objectReference: {fileID: 0}
    - target: {fileID: 6048342693531065932, guid: accdc5402b1e87c41979d15da97c79cb,
        type: 3}
      propertyPath: m_LocalPosition.x
      value: 0
      objectReference: {fileID: 0}
    - target: {fileID: 6048342693531065932, guid: accdc5402b1e87c41979d15da97c79cb,
        type: 3}
      propertyPath: m_LocalPosition.y
      value: 0
      objectReference: {fileID: 0}
    - target: {fileID: 6048342693531065932, guid: accdc5402b1e87c41979d15da97c79cb,
        type: 3}
      propertyPath: m_LocalPosition.z
      value: 0
      objectReference: {fileID: 0}
    - target: {fileID: 6048342693531065932, guid: accdc5402b1e87c41979d15da97c79cb,
        type: 3}
      propertyPath: m_LocalRotation.w
      value: 1
      objectReference: {fileID: 0}
    - target: {fileID: 6048342693531065932, guid: accdc5402b1e87c41979d15da97c79cb,
        type: 3}
      propertyPath: m_LocalRotation.x
      value: 0
      objectReference: {fileID: 0}
    - target: {fileID: 6048342693531065932, guid: accdc5402b1e87c41979d15da97c79cb,
        type: 3}
      propertyPath: m_LocalRotation.y
      value: 0
      objectReference: {fileID: 0}
    - target: {fileID: 6048342693531065932, guid: accdc5402b1e87c41979d15da97c79cb,
        type: 3}
      propertyPath: m_LocalRotation.z
      value: 0
      objectReference: {fileID: 0}
    - target: {fileID: 6048342693531065932, guid: accdc5402b1e87c41979d15da97c79cb,
        type: 3}
      propertyPath: m_LocalEulerAnglesHint.x
      value: 0
      objectReference: {fileID: 0}
    - target: {fileID: 6048342693531065932, guid: accdc5402b1e87c41979d15da97c79cb,
        type: 3}
      propertyPath: m_LocalEulerAnglesHint.y
      value: 0
      objectReference: {fileID: 0}
    - target: {fileID: 6048342693531065932, guid: accdc5402b1e87c41979d15da97c79cb,
        type: 3}
      propertyPath: m_LocalEulerAnglesHint.z
      value: 0
      objectReference: {fileID: 0}
    - target: {fileID: 6794216387870889990, guid: accdc5402b1e87c41979d15da97c79cb,
        type: 3}
      propertyPath: m_Name
      value: Wizard Projectile (7)
      objectReference: {fileID: 0}
    m_RemovedComponents: []
  m_SourcePrefab: {fileID: 100100000, guid: accdc5402b1e87c41979d15da97c79cb, type: 3}
--- !u!1 &4678444936476648169 stripped
GameObject:
  m_CorrespondingSourceObject: {fileID: 6794216387870889990, guid: accdc5402b1e87c41979d15da97c79cb,
    type: 3}
  m_PrefabInstance: {fileID: 2208113121883912943}
  m_PrefabAsset: {fileID: 0}
--- !u!4 &5572303545773548707 stripped
Transform:
  m_CorrespondingSourceObject: {fileID: 6048342693531065932, guid: accdc5402b1e87c41979d15da97c79cb,
    type: 3}
  m_PrefabInstance: {fileID: 2208113121883912943}
  m_PrefabAsset: {fileID: 0}
--- !u!1001 &3013314530341180005
PrefabInstance:
  m_ObjectHideFlags: 0
  serializedVersion: 2
  m_Modification:
    m_TransformParent: {fileID: 1308371912}
    m_Modifications:
    - target: {fileID: 6048342693531065932, guid: accdc5402b1e87c41979d15da97c79cb,
        type: 3}
      propertyPath: m_RootOrder
      value: 8
      objectReference: {fileID: 0}
    - target: {fileID: 6048342693531065932, guid: accdc5402b1e87c41979d15da97c79cb,
        type: 3}
      propertyPath: m_LocalPosition.x
      value: 0
      objectReference: {fileID: 0}
    - target: {fileID: 6048342693531065932, guid: accdc5402b1e87c41979d15da97c79cb,
        type: 3}
      propertyPath: m_LocalPosition.y
      value: 0
      objectReference: {fileID: 0}
    - target: {fileID: 6048342693531065932, guid: accdc5402b1e87c41979d15da97c79cb,
        type: 3}
      propertyPath: m_LocalPosition.z
      value: 0
      objectReference: {fileID: 0}
    - target: {fileID: 6048342693531065932, guid: accdc5402b1e87c41979d15da97c79cb,
        type: 3}
      propertyPath: m_LocalRotation.w
      value: 1
      objectReference: {fileID: 0}
    - target: {fileID: 6048342693531065932, guid: accdc5402b1e87c41979d15da97c79cb,
        type: 3}
      propertyPath: m_LocalRotation.x
      value: 0
      objectReference: {fileID: 0}
    - target: {fileID: 6048342693531065932, guid: accdc5402b1e87c41979d15da97c79cb,
        type: 3}
      propertyPath: m_LocalRotation.y
      value: 0
      objectReference: {fileID: 0}
    - target: {fileID: 6048342693531065932, guid: accdc5402b1e87c41979d15da97c79cb,
        type: 3}
      propertyPath: m_LocalRotation.z
      value: 0
      objectReference: {fileID: 0}
    - target: {fileID: 6048342693531065932, guid: accdc5402b1e87c41979d15da97c79cb,
        type: 3}
      propertyPath: m_LocalEulerAnglesHint.x
      value: 0
      objectReference: {fileID: 0}
    - target: {fileID: 6048342693531065932, guid: accdc5402b1e87c41979d15da97c79cb,
        type: 3}
      propertyPath: m_LocalEulerAnglesHint.y
      value: 0
      objectReference: {fileID: 0}
    - target: {fileID: 6048342693531065932, guid: accdc5402b1e87c41979d15da97c79cb,
        type: 3}
      propertyPath: m_LocalEulerAnglesHint.z
      value: 0
      objectReference: {fileID: 0}
    - target: {fileID: 6794216387870889990, guid: accdc5402b1e87c41979d15da97c79cb,
        type: 3}
      propertyPath: m_Name
      value: Wizard Projectile (4)
      objectReference: {fileID: 0}
    m_RemovedComponents: []
  m_SourcePrefab: {fileID: 100100000, guid: accdc5402b1e87c41979d15da97c79cb, type: 3}
--- !u!1 &8617803187776965219 stripped
GameObject:
  m_CorrespondingSourceObject: {fileID: 6794216387870889990, guid: accdc5402b1e87c41979d15da97c79cb,
    type: 3}
  m_PrefabInstance: {fileID: 3013314530341180005}
  m_PrefabAsset: {fileID: 0}
--- !u!4 &8800445146899270697 stripped
Transform:
  m_CorrespondingSourceObject: {fileID: 6048342693531065932, guid: accdc5402b1e87c41979d15da97c79cb,
    type: 3}
  m_PrefabInstance: {fileID: 3013314530341180005}
  m_PrefabAsset: {fileID: 0}
--- !u!1001 &4749209788044286236
PrefabInstance:
  m_ObjectHideFlags: 0
  serializedVersion: 2
  m_Modification:
    m_TransformParent: {fileID: 1308371912}
    m_Modifications:
    - target: {fileID: 6048342693531065932, guid: 8202379e658710a408ff076f2459b43e,
        type: 3}
      propertyPath: m_RootOrder
      value: 5
      objectReference: {fileID: 0}
    - target: {fileID: 6048342693531065932, guid: 8202379e658710a408ff076f2459b43e,
        type: 3}
      propertyPath: m_LocalPosition.x
      value: 0
      objectReference: {fileID: 0}
    - target: {fileID: 6048342693531065932, guid: 8202379e658710a408ff076f2459b43e,
        type: 3}
      propertyPath: m_LocalPosition.y
      value: 0
      objectReference: {fileID: 0}
    - target: {fileID: 6048342693531065932, guid: 8202379e658710a408ff076f2459b43e,
        type: 3}
      propertyPath: m_LocalPosition.z
      value: 0
      objectReference: {fileID: 0}
    - target: {fileID: 6048342693531065932, guid: 8202379e658710a408ff076f2459b43e,
        type: 3}
      propertyPath: m_LocalRotation.w
      value: 1
      objectReference: {fileID: 0}
    - target: {fileID: 6048342693531065932, guid: 8202379e658710a408ff076f2459b43e,
        type: 3}
      propertyPath: m_LocalRotation.x
      value: 0
      objectReference: {fileID: 0}
    - target: {fileID: 6048342693531065932, guid: 8202379e658710a408ff076f2459b43e,
        type: 3}
      propertyPath: m_LocalRotation.y
      value: 0
      objectReference: {fileID: 0}
    - target: {fileID: 6048342693531065932, guid: 8202379e658710a408ff076f2459b43e,
        type: 3}
      propertyPath: m_LocalRotation.z
      value: 0
      objectReference: {fileID: 0}
    - target: {fileID: 6048342693531065932, guid: 8202379e658710a408ff076f2459b43e,
        type: 3}
      propertyPath: m_LocalEulerAnglesHint.x
      value: 0
      objectReference: {fileID: 0}
    - target: {fileID: 6048342693531065932, guid: 8202379e658710a408ff076f2459b43e,
        type: 3}
      propertyPath: m_LocalEulerAnglesHint.y
      value: 0
      objectReference: {fileID: 0}
    - target: {fileID: 6048342693531065932, guid: 8202379e658710a408ff076f2459b43e,
        type: 3}
      propertyPath: m_LocalEulerAnglesHint.z
      value: 0
      objectReference: {fileID: 0}
    - target: {fileID: 6794216387870889990, guid: 8202379e658710a408ff076f2459b43e,
        type: 3}
      propertyPath: m_Name
      value: Wizard Fireball (2)
      objectReference: {fileID: 0}
    m_RemovedComponents: []
  m_SourcePrefab: {fileID: 100100000, guid: 8202379e658710a408ff076f2459b43e, type: 3}
--- !u!4 &1303953177347852112 stripped
Transform:
  m_CorrespondingSourceObject: {fileID: 6048342693531065932, guid: 8202379e658710a408ff076f2459b43e,
    type: 3}
  m_PrefabInstance: {fileID: 4749209788044286236}
  m_PrefabAsset: {fileID: 0}
--- !u!1 &2279229250707816730 stripped
GameObject:
  m_CorrespondingSourceObject: {fileID: 6794216387870889990, guid: 8202379e658710a408ff076f2459b43e,
    type: 3}
  m_PrefabInstance: {fileID: 4749209788044286236}
  m_PrefabAsset: {fileID: 0}
--- !u!1001 &5043318575274615135
PrefabInstance:
  m_ObjectHideFlags: 0
  serializedVersion: 2
  m_Modification:
    m_TransformParent: {fileID: 1308371912}
    m_Modifications:
    - target: {fileID: 6048342693531065932, guid: accdc5402b1e87c41979d15da97c79cb,
        type: 3}
      propertyPath: m_RootOrder
      value: 3
      objectReference: {fileID: 0}
    - target: {fileID: 6048342693531065932, guid: accdc5402b1e87c41979d15da97c79cb,
        type: 3}
      propertyPath: m_LocalPosition.x
      value: 0
      objectReference: {fileID: 0}
    - target: {fileID: 6048342693531065932, guid: accdc5402b1e87c41979d15da97c79cb,
        type: 3}
      propertyPath: m_LocalPosition.y
      value: 0
      objectReference: {fileID: 0}
    - target: {fileID: 6048342693531065932, guid: accdc5402b1e87c41979d15da97c79cb,
        type: 3}
      propertyPath: m_LocalPosition.z
      value: 0
      objectReference: {fileID: 0}
    - target: {fileID: 6048342693531065932, guid: accdc5402b1e87c41979d15da97c79cb,
        type: 3}
      propertyPath: m_LocalRotation.w
      value: 1
      objectReference: {fileID: 0}
    - target: {fileID: 6048342693531065932, guid: accdc5402b1e87c41979d15da97c79cb,
        type: 3}
      propertyPath: m_LocalRotation.x
      value: 0
      objectReference: {fileID: 0}
    - target: {fileID: 6048342693531065932, guid: accdc5402b1e87c41979d15da97c79cb,
        type: 3}
      propertyPath: m_LocalRotation.y
      value: 0
      objectReference: {fileID: 0}
    - target: {fileID: 6048342693531065932, guid: accdc5402b1e87c41979d15da97c79cb,
        type: 3}
      propertyPath: m_LocalRotation.z
      value: 0
      objectReference: {fileID: 0}
    - target: {fileID: 6048342693531065932, guid: accdc5402b1e87c41979d15da97c79cb,
        type: 3}
      propertyPath: m_LocalEulerAnglesHint.x
      value: 0
      objectReference: {fileID: 0}
    - target: {fileID: 6048342693531065932, guid: accdc5402b1e87c41979d15da97c79cb,
        type: 3}
      propertyPath: m_LocalEulerAnglesHint.y
      value: 0
      objectReference: {fileID: 0}
    - target: {fileID: 6048342693531065932, guid: accdc5402b1e87c41979d15da97c79cb,
        type: 3}
      propertyPath: m_LocalEulerAnglesHint.z
      value: 0
      objectReference: {fileID: 0}
    - target: {fileID: 6794216387870889990, guid: accdc5402b1e87c41979d15da97c79cb,
        type: 3}
      propertyPath: m_Name
      value: Wizard Projectile (1)
      objectReference: {fileID: 0}
    m_RemovedComponents: []
  m_SourcePrefab: {fileID: 100100000, guid: accdc5402b1e87c41979d15da97c79cb, type: 3}
--- !u!4 &1589049544927149843 stripped
Transform:
  m_CorrespondingSourceObject: {fileID: 6048342693531065932, guid: accdc5402b1e87c41979d15da97c79cb,
    type: 3}
  m_PrefabInstance: {fileID: 5043318575274615135}
  m_PrefabAsset: {fileID: 0}
--- !u!1 &1996379176939157849 stripped
GameObject:
  m_CorrespondingSourceObject: {fileID: 6794216387870889990, guid: accdc5402b1e87c41979d15da97c79cb,
    type: 3}
  m_PrefabInstance: {fileID: 5043318575274615135}
  m_PrefabAsset: {fileID: 0}
--- !u!1001 &5397312493759840871
PrefabInstance:
  m_ObjectHideFlags: 0
  serializedVersion: 2
  m_Modification:
    m_TransformParent: {fileID: 1308371912}
    m_Modifications:
    - target: {fileID: 6048342693531065932, guid: 8202379e658710a408ff076f2459b43e,
        type: 3}
      propertyPath: m_RootOrder
      value: 0
      objectReference: {fileID: 0}
    - target: {fileID: 6048342693531065932, guid: 8202379e658710a408ff076f2459b43e,
        type: 3}
      propertyPath: m_LocalPosition.x
      value: 0
      objectReference: {fileID: 0}
    - target: {fileID: 6048342693531065932, guid: 8202379e658710a408ff076f2459b43e,
        type: 3}
      propertyPath: m_LocalPosition.y
      value: 0
      objectReference: {fileID: 0}
    - target: {fileID: 6048342693531065932, guid: 8202379e658710a408ff076f2459b43e,
        type: 3}
      propertyPath: m_LocalPosition.z
      value: 0
      objectReference: {fileID: 0}
    - target: {fileID: 6048342693531065932, guid: 8202379e658710a408ff076f2459b43e,
        type: 3}
      propertyPath: m_LocalRotation.w
      value: 1
      objectReference: {fileID: 0}
    - target: {fileID: 6048342693531065932, guid: 8202379e658710a408ff076f2459b43e,
        type: 3}
      propertyPath: m_LocalRotation.x
      value: 0
      objectReference: {fileID: 0}
    - target: {fileID: 6048342693531065932, guid: 8202379e658710a408ff076f2459b43e,
        type: 3}
      propertyPath: m_LocalRotation.y
      value: 0
      objectReference: {fileID: 0}
    - target: {fileID: 6048342693531065932, guid: 8202379e658710a408ff076f2459b43e,
        type: 3}
      propertyPath: m_LocalRotation.z
      value: 0
      objectReference: {fileID: 0}
    - target: {fileID: 6048342693531065932, guid: 8202379e658710a408ff076f2459b43e,
        type: 3}
      propertyPath: m_LocalEulerAnglesHint.x
      value: 0
      objectReference: {fileID: 0}
    - target: {fileID: 6048342693531065932, guid: 8202379e658710a408ff076f2459b43e,
        type: 3}
      propertyPath: m_LocalEulerAnglesHint.y
      value: 0
      objectReference: {fileID: 0}
    - target: {fileID: 6048342693531065932, guid: 8202379e658710a408ff076f2459b43e,
        type: 3}
      propertyPath: m_LocalEulerAnglesHint.z
      value: 0
      objectReference: {fileID: 0}
    - target: {fileID: 6794216387870889990, guid: 8202379e658710a408ff076f2459b43e,
        type: 3}
      propertyPath: m_Name
      value: Wizard Fireball
      objectReference: {fileID: 0}
    m_RemovedComponents: []
  m_SourcePrefab: {fileID: 100100000, guid: 8202379e658710a408ff076f2459b43e, type: 3}
--- !u!1 &1490406511392578145 stripped
GameObject:
  m_CorrespondingSourceObject: {fileID: 6794216387870889990, guid: 8202379e658710a408ff076f2459b43e,
    type: 3}
  m_PrefabInstance: {fileID: 5397312493759840871}
  m_PrefabAsset: {fileID: 0}
--- !u!4 &1807945385095388203 stripped
Transform:
  m_CorrespondingSourceObject: {fileID: 6048342693531065932, guid: 8202379e658710a408ff076f2459b43e,
    type: 3}
  m_PrefabInstance: {fileID: 5397312493759840871}
  m_PrefabAsset: {fileID: 0}
--- !u!1001 &6007591286527414635
PrefabInstance:
  m_ObjectHideFlags: 0
  serializedVersion: 2
  m_Modification:
    m_TransformParent: {fileID: 1308371912}
    m_Modifications:
    - target: {fileID: 6048342693531065932, guid: 8202379e658710a408ff076f2459b43e,
        type: 3}
      propertyPath: m_RootOrder
      value: 10
      objectReference: {fileID: 0}
    - target: {fileID: 6048342693531065932, guid: 8202379e658710a408ff076f2459b43e,
        type: 3}
      propertyPath: m_LocalPosition.x
      value: 0
      objectReference: {fileID: 0}
    - target: {fileID: 6048342693531065932, guid: 8202379e658710a408ff076f2459b43e,
        type: 3}
      propertyPath: m_LocalPosition.y
      value: 0
      objectReference: {fileID: 0}
    - target: {fileID: 6048342693531065932, guid: 8202379e658710a408ff076f2459b43e,
        type: 3}
      propertyPath: m_LocalPosition.z
      value: 0
      objectReference: {fileID: 0}
    - target: {fileID: 6048342693531065932, guid: 8202379e658710a408ff076f2459b43e,
        type: 3}
      propertyPath: m_LocalRotation.w
      value: 1
      objectReference: {fileID: 0}
    - target: {fileID: 6048342693531065932, guid: 8202379e658710a408ff076f2459b43e,
        type: 3}
      propertyPath: m_LocalRotation.x
      value: 0
      objectReference: {fileID: 0}
    - target: {fileID: 6048342693531065932, guid: 8202379e658710a408ff076f2459b43e,
        type: 3}
      propertyPath: m_LocalRotation.y
      value: 0
      objectReference: {fileID: 0}
    - target: {fileID: 6048342693531065932, guid: 8202379e658710a408ff076f2459b43e,
        type: 3}
      propertyPath: m_LocalRotation.z
      value: 0
      objectReference: {fileID: 0}
    - target: {fileID: 6048342693531065932, guid: 8202379e658710a408ff076f2459b43e,
        type: 3}
      propertyPath: m_LocalEulerAnglesHint.x
      value: 0
      objectReference: {fileID: 0}
    - target: {fileID: 6048342693531065932, guid: 8202379e658710a408ff076f2459b43e,
        type: 3}
      propertyPath: m_LocalEulerAnglesHint.y
      value: 0
      objectReference: {fileID: 0}
    - target: {fileID: 6048342693531065932, guid: 8202379e658710a408ff076f2459b43e,
        type: 3}
      propertyPath: m_LocalEulerAnglesHint.z
      value: 0
      objectReference: {fileID: 0}
    - target: {fileID: 6794216387870889990, guid: 8202379e658710a408ff076f2459b43e,
        type: 3}
      propertyPath: m_Name
      value: Wizard Fireball (4)
      objectReference: {fileID: 0}
    m_RemovedComponents: []
  m_SourcePrefab: {fileID: 100100000, guid: 8202379e658710a408ff076f2459b43e, type: 3}
--- !u!4 &49337080988127015 stripped
Transform:
  m_CorrespondingSourceObject: {fileID: 6048342693531065932, guid: 8202379e658710a408ff076f2459b43e,
    type: 3}
  m_PrefabInstance: {fileID: 6007591286527414635}
  m_PrefabAsset: {fileID: 0}
--- !u!1 &943125601015581037 stripped
GameObject:
  m_CorrespondingSourceObject: {fileID: 6794216387870889990, guid: 8202379e658710a408ff076f2459b43e,
    type: 3}
  m_PrefabInstance: {fileID: 6007591286527414635}
  m_PrefabAsset: {fileID: 0}
--- !u!1001 &7053566418655706060
PrefabInstance:
  m_ObjectHideFlags: 0
  serializedVersion: 2
  m_Modification:
    m_TransformParent: {fileID: 1308371912}
    m_Modifications:
    - target: {fileID: 6048342693531065932, guid: accdc5402b1e87c41979d15da97c79cb,
        type: 3}
      propertyPath: m_RootOrder
      value: 4
      objectReference: {fileID: 0}
    - target: {fileID: 6048342693531065932, guid: accdc5402b1e87c41979d15da97c79cb,
        type: 3}
      propertyPath: m_LocalPosition.x
      value: 0
      objectReference: {fileID: 0}
    - target: {fileID: 6048342693531065932, guid: accdc5402b1e87c41979d15da97c79cb,
        type: 3}
      propertyPath: m_LocalPosition.y
      value: 0
      objectReference: {fileID: 0}
    - target: {fileID: 6048342693531065932, guid: accdc5402b1e87c41979d15da97c79cb,
        type: 3}
      propertyPath: m_LocalPosition.z
      value: 0
      objectReference: {fileID: 0}
    - target: {fileID: 6048342693531065932, guid: accdc5402b1e87c41979d15da97c79cb,
        type: 3}
      propertyPath: m_LocalRotation.w
      value: 1
      objectReference: {fileID: 0}
    - target: {fileID: 6048342693531065932, guid: accdc5402b1e87c41979d15da97c79cb,
        type: 3}
      propertyPath: m_LocalRotation.x
      value: 0
      objectReference: {fileID: 0}
    - target: {fileID: 6048342693531065932, guid: accdc5402b1e87c41979d15da97c79cb,
        type: 3}
      propertyPath: m_LocalRotation.y
      value: 0
      objectReference: {fileID: 0}
    - target: {fileID: 6048342693531065932, guid: accdc5402b1e87c41979d15da97c79cb,
        type: 3}
      propertyPath: m_LocalRotation.z
      value: 0
      objectReference: {fileID: 0}
    - target: {fileID: 6048342693531065932, guid: accdc5402b1e87c41979d15da97c79cb,
        type: 3}
      propertyPath: m_LocalEulerAnglesHint.x
      value: 0
      objectReference: {fileID: 0}
    - target: {fileID: 6048342693531065932, guid: accdc5402b1e87c41979d15da97c79cb,
        type: 3}
      propertyPath: m_LocalEulerAnglesHint.y
      value: 0
      objectReference: {fileID: 0}
    - target: {fileID: 6048342693531065932, guid: accdc5402b1e87c41979d15da97c79cb,
        type: 3}
      propertyPath: m_LocalEulerAnglesHint.z
      value: 0
      objectReference: {fileID: 0}
    - target: {fileID: 6794216387870889990, guid: accdc5402b1e87c41979d15da97c79cb,
        type: 3}
      propertyPath: m_Name
      value: Wizard Projectile (2)
      objectReference: {fileID: 0}
    m_RemovedComponents: []
  m_SourcePrefab: {fileID: 100100000, guid: accdc5402b1e87c41979d15da97c79cb, type: 3}
--- !u!4 &3608310099902686592 stripped
Transform:
  m_CorrespondingSourceObject: {fileID: 6048342693531065932, guid: accdc5402b1e87c41979d15da97c79cb,
    type: 3}
  m_PrefabInstance: {fileID: 7053566418655706060}
  m_PrefabAsset: {fileID: 0}
--- !u!1 &4587666671417058250 stripped
GameObject:
  m_CorrespondingSourceObject: {fileID: 6794216387870889990, guid: accdc5402b1e87c41979d15da97c79cb,
    type: 3}
  m_PrefabInstance: {fileID: 7053566418655706060}
  m_PrefabAsset: {fileID: 0}
--- !u!1001 &7891463066959132886
PrefabInstance:
  m_ObjectHideFlags: 0
  serializedVersion: 2
  m_Modification:
    m_TransformParent: {fileID: 1308371912}
    m_Modifications:
    - target: {fileID: 6048342693531065932, guid: accdc5402b1e87c41979d15da97c79cb,
        type: 3}
      propertyPath: m_RootOrder
      value: 2
      objectReference: {fileID: 0}
    - target: {fileID: 6048342693531065932, guid: accdc5402b1e87c41979d15da97c79cb,
        type: 3}
      propertyPath: m_LocalPosition.x
      value: 0
      objectReference: {fileID: 0}
    - target: {fileID: 6048342693531065932, guid: accdc5402b1e87c41979d15da97c79cb,
        type: 3}
      propertyPath: m_LocalPosition.y
      value: 0
      objectReference: {fileID: 0}
    - target: {fileID: 6048342693531065932, guid: accdc5402b1e87c41979d15da97c79cb,
        type: 3}
      propertyPath: m_LocalPosition.z
      value: 0
      objectReference: {fileID: 0}
    - target: {fileID: 6048342693531065932, guid: accdc5402b1e87c41979d15da97c79cb,
        type: 3}
      propertyPath: m_LocalRotation.w
      value: 1
      objectReference: {fileID: 0}
    - target: {fileID: 6048342693531065932, guid: accdc5402b1e87c41979d15da97c79cb,
        type: 3}
      propertyPath: m_LocalRotation.x
      value: 0
      objectReference: {fileID: 0}
    - target: {fileID: 6048342693531065932, guid: accdc5402b1e87c41979d15da97c79cb,
        type: 3}
      propertyPath: m_LocalRotation.y
      value: 0
      objectReference: {fileID: 0}
    - target: {fileID: 6048342693531065932, guid: accdc5402b1e87c41979d15da97c79cb,
        type: 3}
      propertyPath: m_LocalRotation.z
      value: 0
      objectReference: {fileID: 0}
    - target: {fileID: 6048342693531065932, guid: accdc5402b1e87c41979d15da97c79cb,
        type: 3}
      propertyPath: m_LocalEulerAnglesHint.x
      value: 0
      objectReference: {fileID: 0}
    - target: {fileID: 6048342693531065932, guid: accdc5402b1e87c41979d15da97c79cb,
        type: 3}
      propertyPath: m_LocalEulerAnglesHint.y
      value: 0
      objectReference: {fileID: 0}
    - target: {fileID: 6048342693531065932, guid: accdc5402b1e87c41979d15da97c79cb,
        type: 3}
      propertyPath: m_LocalEulerAnglesHint.z
      value: 0
      objectReference: {fileID: 0}
    - target: {fileID: 6794216387870889990, guid: accdc5402b1e87c41979d15da97c79cb,
        type: 3}
      propertyPath: m_Name
      value: Wizard Projectile
      objectReference: {fileID: 0}
    m_RemovedComponents: []
  m_SourcePrefab: {fileID: 100100000, guid: accdc5402b1e87c41979d15da97c79cb, type: 3}
--- !u!1 &3732916846003232976 stripped
GameObject:
  m_CorrespondingSourceObject: {fileID: 6794216387870889990, guid: accdc5402b1e87c41979d15da97c79cb,
    type: 3}
  m_PrefabInstance: {fileID: 7891463066959132886}
  m_PrefabAsset: {fileID: 0}
--- !u!4 &4500253242785605274 stripped
Transform:
  m_CorrespondingSourceObject: {fileID: 6048342693531065932, guid: accdc5402b1e87c41979d15da97c79cb,
    type: 3}
  m_PrefabInstance: {fileID: 7891463066959132886}
  m_PrefabAsset: {fileID: 0}
--- !u!1001 &8530373463443121467
PrefabInstance:
  m_ObjectHideFlags: 0
  serializedVersion: 2
  m_Modification:
    m_TransformParent: {fileID: 1308371912}
    m_Modifications:
    - target: {fileID: 6048342693531065932, guid: 8202379e658710a408ff076f2459b43e,
        type: 3}
      propertyPath: m_RootOrder
      value: 6
      objectReference: {fileID: 0}
    - target: {fileID: 6048342693531065932, guid: 8202379e658710a408ff076f2459b43e,
        type: 3}
      propertyPath: m_LocalPosition.x
      value: 0
      objectReference: {fileID: 0}
    - target: {fileID: 6048342693531065932, guid: 8202379e658710a408ff076f2459b43e,
        type: 3}
      propertyPath: m_LocalPosition.y
      value: 0
      objectReference: {fileID: 0}
    - target: {fileID: 6048342693531065932, guid: 8202379e658710a408ff076f2459b43e,
        type: 3}
      propertyPath: m_LocalPosition.z
      value: 0
      objectReference: {fileID: 0}
    - target: {fileID: 6048342693531065932, guid: 8202379e658710a408ff076f2459b43e,
        type: 3}
      propertyPath: m_LocalRotation.w
      value: 1
      objectReference: {fileID: 0}
    - target: {fileID: 6048342693531065932, guid: 8202379e658710a408ff076f2459b43e,
        type: 3}
      propertyPath: m_LocalRotation.x
      value: 0
      objectReference: {fileID: 0}
    - target: {fileID: 6048342693531065932, guid: 8202379e658710a408ff076f2459b43e,
        type: 3}
      propertyPath: m_LocalRotation.y
      value: 0
      objectReference: {fileID: 0}
    - target: {fileID: 6048342693531065932, guid: 8202379e658710a408ff076f2459b43e,
        type: 3}
      propertyPath: m_LocalRotation.z
      value: 0
      objectReference: {fileID: 0}
    - target: {fileID: 6048342693531065932, guid: 8202379e658710a408ff076f2459b43e,
        type: 3}
      propertyPath: m_LocalEulerAnglesHint.x
      value: 0
      objectReference: {fileID: 0}
    - target: {fileID: 6048342693531065932, guid: 8202379e658710a408ff076f2459b43e,
        type: 3}
      propertyPath: m_LocalEulerAnglesHint.y
      value: 0
      objectReference: {fileID: 0}
    - target: {fileID: 6048342693531065932, guid: 8202379e658710a408ff076f2459b43e,
        type: 3}
      propertyPath: m_LocalEulerAnglesHint.z
      value: 0
      objectReference: {fileID: 0}
    - target: {fileID: 6794216387870889990, guid: 8202379e658710a408ff076f2459b43e,
        type: 3}
      propertyPath: m_Name
      value: Wizard Fireball (3)
      objectReference: {fileID: 0}
    m_RemovedComponents: []
  m_SourcePrefab: {fileID: 100100000, guid: 8202379e658710a408ff076f2459b43e, type: 3}
--- !u!4 &2707225064462203767 stripped
Transform:
  m_CorrespondingSourceObject: {fileID: 6048342693531065932, guid: 8202379e658710a408ff076f2459b43e,
    type: 3}
  m_PrefabInstance: {fileID: 8530373463443121467}
  m_PrefabAsset: {fileID: 0}
--- !u!1 &2893596530568903997 stripped
GameObject:
  m_CorrespondingSourceObject: {fileID: 6794216387870889990, guid: 8202379e658710a408ff076f2459b43e,
    type: 3}
  m_PrefabInstance: {fileID: 8530373463443121467}
  m_PrefabAsset: {fileID: 0}
--- !u!1001 &8862569008404793653
PrefabInstance:
  m_ObjectHideFlags: 0
  serializedVersion: 2
  m_Modification:
    m_TransformParent: {fileID: 1308371912}
    m_Modifications:
    - target: {fileID: 6048342693531065932, guid: 8202379e658710a408ff076f2459b43e,
        type: 3}
      propertyPath: m_RootOrder
      value: 11
      objectReference: {fileID: 0}
    - target: {fileID: 6048342693531065932, guid: 8202379e658710a408ff076f2459b43e,
        type: 3}
      propertyPath: m_LocalPosition.x
      value: 0
      objectReference: {fileID: 0}
    - target: {fileID: 6048342693531065932, guid: 8202379e658710a408ff076f2459b43e,
        type: 3}
      propertyPath: m_LocalPosition.y
      value: 0
      objectReference: {fileID: 0}
    - target: {fileID: 6048342693531065932, guid: 8202379e658710a408ff076f2459b43e,
        type: 3}
      propertyPath: m_LocalPosition.z
      value: 0
      objectReference: {fileID: 0}
    - target: {fileID: 6048342693531065932, guid: 8202379e658710a408ff076f2459b43e,
        type: 3}
      propertyPath: m_LocalRotation.w
      value: 1
      objectReference: {fileID: 0}
    - target: {fileID: 6048342693531065932, guid: 8202379e658710a408ff076f2459b43e,
        type: 3}
      propertyPath: m_LocalRotation.x
      value: 0
      objectReference: {fileID: 0}
    - target: {fileID: 6048342693531065932, guid: 8202379e658710a408ff076f2459b43e,
        type: 3}
      propertyPath: m_LocalRotation.y
      value: 0
      objectReference: {fileID: 0}
    - target: {fileID: 6048342693531065932, guid: 8202379e658710a408ff076f2459b43e,
        type: 3}
      propertyPath: m_LocalRotation.z
      value: 0
      objectReference: {fileID: 0}
    - target: {fileID: 6048342693531065932, guid: 8202379e658710a408ff076f2459b43e,
        type: 3}
      propertyPath: m_LocalEulerAnglesHint.x
      value: 0
      objectReference: {fileID: 0}
    - target: {fileID: 6048342693531065932, guid: 8202379e658710a408ff076f2459b43e,
        type: 3}
      propertyPath: m_LocalEulerAnglesHint.y
      value: 0
      objectReference: {fileID: 0}
    - target: {fileID: 6048342693531065932, guid: 8202379e658710a408ff076f2459b43e,
        type: 3}
      propertyPath: m_LocalEulerAnglesHint.z
      value: 0
      objectReference: {fileID: 0}
    - target: {fileID: 6794216387870889990, guid: 8202379e658710a408ff076f2459b43e,
        type: 3}
      propertyPath: m_Name
      value: Wizard Fireball (5)
      objectReference: {fileID: 0}
    m_RemovedComponents: []
  m_SourcePrefab: {fileID: 100100000, guid: 8202379e658710a408ff076f2459b43e, type: 3}
--- !u!1 &2645807881646248243 stripped
GameObject:
  m_CorrespondingSourceObject: {fileID: 6794216387870889990, guid: 8202379e658710a408ff076f2459b43e,
    type: 3}
  m_PrefabInstance: {fileID: 8862569008404793653}
  m_PrefabAsset: {fileID: 0}
--- !u!4 &2958350576894941049 stripped
Transform:
  m_CorrespondingSourceObject: {fileID: 6048342693531065932, guid: 8202379e658710a408ff076f2459b43e,
    type: 3}
  m_PrefabInstance: {fileID: 8862569008404793653}
  m_PrefabAsset: {fileID: 0}
