%YAML 1.1
%TAG !u! tag:unity3d.com,2011:
--- !u!1 &1801371256
GameObject:
  m_ObjectHideFlags: 0
  m_CorrespondingSourceObject: {fileID: 0}
  m_PrefabInstance: {fileID: 0}
  m_PrefabAsset: {fileID: 0}
  serializedVersion: 6
  m_Component:
  - component: {fileID: 1801371257}
  m_Layer: 6
  m_Name: Attack Point
  m_TagString: Untagged
  m_Icon: {fileID: 0}
  m_NavMeshLayer: 0
  m_StaticEditorFlags: 0
  m_IsActive: 1
--- !u!4 &1801371257
Transform:
  m_ObjectHideFlags: 0
  m_CorrespondingSourceObject: {fileID: 0}
  m_PrefabInstance: {fileID: 0}
  m_PrefabAsset: {fileID: 0}
  m_GameObject: {fileID: 1801371256}
  m_LocalRotation: {x: 0, y: 0, z: 0, w: 1}
  m_LocalPosition: {x: 0, y: 0.607, z: 0.711}
  m_LocalScale: {x: 1, y: 1, z: 1}
  m_ConstrainProportionsScale: 0
  m_Children: []
  m_Father: {fileID: 8509678506779584945}
  m_RootOrder: 1
  m_LocalEulerAnglesHint: {x: 0, y: 0, z: 0}
--- !u!1 &8509678506779584944
GameObject:
  m_ObjectHideFlags: 0
  m_CorrespondingSourceObject: {fileID: 0}
  m_PrefabInstance: {fileID: 0}
  m_PrefabAsset: {fileID: 0}
  serializedVersion: 6
  m_Component:
  - component: {fileID: 8509678506779584945}
  - component: {fileID: 8509678506779584940}
  - component: {fileID: 8509678506779584941}
  - component: {fileID: 889080728}
  - component: {fileID: 1909367475}
  - component: {fileID: 1909367476}
  - component: {fileID: 1909367482}
  - component: {fileID: 762787167923657402}
  - component: {fileID: 5258049884493905782}
  - component: {fileID: 726591708116407457}
  m_Layer: 6
  m_Name: Player
  m_TagString: Player
  m_Icon: {fileID: 0}
  m_NavMeshLayer: 0
  m_StaticEditorFlags: 0
  m_IsActive: 1
--- !u!4 &8509678506779584945
Transform:
  m_ObjectHideFlags: 0
  m_CorrespondingSourceObject: {fileID: 0}
  m_PrefabInstance: {fileID: 0}
  m_PrefabAsset: {fileID: 0}
  m_GameObject: {fileID: 8509678506779584944}
  m_LocalRotation: {x: 0, y: 0, z: 0, w: 1}
  m_LocalPosition: {x: 0.20103014, y: 0, z: 0.1265987}
  m_LocalScale: {x: 1.5, y: 1.5, z: 1.5}
  m_ConstrainProportionsScale: 0
  m_Children:
  - {fileID: 215138914666546542}
  - {fileID: 1801371257}
  - {fileID: 6482370865673866666}
  m_Father: {fileID: 0}
  m_RootOrder: 0
  m_LocalEulerAnglesHint: {x: 0, y: 0, z: 0}
--- !u!114 &8509678506779584940
MonoBehaviour:
  m_ObjectHideFlags: 0
  m_CorrespondingSourceObject: {fileID: 0}
  m_PrefabInstance: {fileID: 0}
  m_PrefabAsset: {fileID: 0}
  m_GameObject: {fileID: 8509678506779584944}
  m_Enabled: 1
  m_EditorHideFlags: 0
  m_Script: {fileID: 11500000, guid: 5d6a19942d04a124cbace05c196006a2, type: 3}
  m_Name: 
  m_EditorClassIdentifier: 
  movementSpeed: 30
  rotationSpeed: 0.2
--- !u!114 &8509678506779584941
MonoBehaviour:
  m_ObjectHideFlags: 0
  m_CorrespondingSourceObject: {fileID: 0}
  m_PrefabInstance: {fileID: 0}
  m_PrefabAsset: {fileID: 0}
  m_GameObject: {fileID: 8509678506779584944}
  m_Enabled: 1
  m_EditorHideFlags: 0
  m_Script: {fileID: 11500000, guid: 3eba2e146b428484cb95557ae8abcd5a, type: 3}
  m_Name: 
  m_EditorClassIdentifier: 
--- !u!114 &889080728
MonoBehaviour:
  m_ObjectHideFlags: 0
  m_CorrespondingSourceObject: {fileID: 0}
  m_PrefabInstance: {fileID: 0}
  m_PrefabAsset: {fileID: 0}
  m_GameObject: {fileID: 8509678506779584944}
  m_Enabled: 1
  m_EditorHideFlags: 0
  m_Script: {fileID: 11500000, guid: caf1c7dcc77b14c4faa816b9f578617f, type: 3}
  m_Name: 
  m_EditorClassIdentifier: 
  playerStats: {fileID: 11400000, guid: 355a8b5b7d8d21f4882222ae21b2a817, type: 2}
  attackPoint: {fileID: 1801371257}
  attackLayer:
    serializedVersion: 2
    m_Bits: 128
--- !u!54 &1909367475
Rigidbody:
  m_ObjectHideFlags: 0
  m_CorrespondingSourceObject: {fileID: 0}
  m_PrefabInstance: {fileID: 0}
  m_PrefabAsset: {fileID: 0}
  m_GameObject: {fileID: 8509678506779584944}
  serializedVersion: 2
  m_Mass: 1
  m_Drag: 0
  m_AngularDrag: 0.05
  m_UseGravity: 1
  m_IsKinematic: 0
  m_Interpolate: 1
  m_Constraints: 112
  m_CollisionDetection: 0
--- !u!136 &1909367476
CapsuleCollider:
  m_ObjectHideFlags: 0
  m_CorrespondingSourceObject: {fileID: 0}
  m_PrefabInstance: {fileID: 0}
  m_PrefabAsset: {fileID: 0}
  m_GameObject: {fileID: 8509678506779584944}
  m_Material: {fileID: 0}
  m_IsTrigger: 0
  m_Enabled: 1
  m_Radius: 0.3
  m_Height: 1.5
  m_Direction: 1
  m_Center: {x: 0, y: 0.75, z: 0}
--- !u!114 &1909367482
MonoBehaviour:
  m_ObjectHideFlags: 0
  m_CorrespondingSourceObject: {fileID: 0}
  m_PrefabInstance: {fileID: 0}
  m_PrefabAsset: {fileID: 0}
  m_GameObject: {fileID: 8509678506779584944}
  m_Enabled: 1
  m_EditorHideFlags: 0
  m_Script: {fileID: 11500000, guid: fce6db4a59f437240b09f8321f7bdb83, type: 3}
  m_Name: 
  m_EditorClassIdentifier: 
--- !u!114 &762787167923657402
MonoBehaviour:
  m_ObjectHideFlags: 0
  m_CorrespondingSourceObject: {fileID: 0}
  m_PrefabInstance: {fileID: 0}
  m_PrefabAsset: {fileID: 0}
  m_GameObject: {fileID: 8509678506779584944}
  m_Enabled: 1
  m_EditorHideFlags: 0
  m_Script: {fileID: 11500000, guid: b3a0dee68a5f4ecd94847fea41519c01, type: 3}
  m_Name: 
  m_EditorClassIdentifier: 
  playerStartPosition: {fileID: 0}
  playerWavePosition: {fileID: 0}
--- !u!114 &5258049884493905782
MonoBehaviour:
  m_ObjectHideFlags: 0
  m_CorrespondingSourceObject: {fileID: 0}
  m_PrefabInstance: {fileID: 0}
  m_PrefabAsset: {fileID: 0}
  m_GameObject: {fileID: 8509678506779584944}
  m_Enabled: 1
  m_EditorHideFlags: 0
  m_Script: {fileID: 11500000, guid: fb9688edb7bcf814eb3f16f562a23ec7, type: 3}
  m_Name: 
  m_EditorClassIdentifier: 
  fillImage: {fileID: 7507688008446146766}
  backgroundImage: {fileID: 6170355189066137975}
--- !u!114 &726591708116407457
MonoBehaviour:
  m_ObjectHideFlags: 0
  m_CorrespondingSourceObject: {fileID: 0}
  m_PrefabInstance: {fileID: 0}
  m_PrefabAsset: {fileID: 0}
  m_GameObject: {fileID: 8509678506779584944}
  m_Enabled: 1
  m_EditorHideFlags: 0
  m_Script: {fileID: 11500000, guid: e4d67dca14764b86831f5bd55fe978ed, type: 3}
  m_Name: 
  m_EditorClassIdentifier: 
  playerStats: {fileID: 11400000, guid: 355a8b5b7d8d21f4882222ae21b2a817, type: 2}
--- !u!1001 &1227494044
PrefabInstance:
  m_ObjectHideFlags: 0
  serializedVersion: 2
  m_Modification:
    m_TransformParent: {fileID: 8509678506779584945}
    m_Modifications:
    - target: {fileID: 1340232319763212320, guid: 270255e7d8f077b4092a502a2fa5177c,
        type: 3}
      propertyPath: m_Name
      value: HealthBar
      objectReference: {fileID: 0}
    - target: {fileID: 6482370866632924982, guid: 270255e7d8f077b4092a502a2fa5177c,
        type: 3}
      propertyPath: m_Pivot.x
      value: 0.5
      objectReference: {fileID: 0}
    - target: {fileID: 6482370866632924982, guid: 270255e7d8f077b4092a502a2fa5177c,
        type: 3}
      propertyPath: m_Pivot.y
      value: 0.5
      objectReference: {fileID: 0}
    - target: {fileID: 6482370866632924982, guid: 270255e7d8f077b4092a502a2fa5177c,
        type: 3}
      propertyPath: m_RootOrder
      value: 2
      objectReference: {fileID: 0}
    - target: {fileID: 6482370866632924982, guid: 270255e7d8f077b4092a502a2fa5177c,
        type: 3}
      propertyPath: m_AnchorMax.x
      value: 0
      objectReference: {fileID: 0}
    - target: {fileID: 6482370866632924982, guid: 270255e7d8f077b4092a502a2fa5177c,
        type: 3}
      propertyPath: m_AnchorMax.y
      value: 0
      objectReference: {fileID: 0}
    - target: {fileID: 6482370866632924982, guid: 270255e7d8f077b4092a502a2fa5177c,
        type: 3}
      propertyPath: m_AnchorMin.x
      value: 0
      objectReference: {fileID: 0}
    - target: {fileID: 6482370866632924982, guid: 270255e7d8f077b4092a502a2fa5177c,
        type: 3}
      propertyPath: m_AnchorMin.y
      value: 0
      objectReference: {fileID: 0}
    - target: {fileID: 6482370866632924982, guid: 270255e7d8f077b4092a502a2fa5177c,
        type: 3}
      propertyPath: m_SizeDelta.x
      value: 0
      objectReference: {fileID: 0}
    - target: {fileID: 6482370866632924982, guid: 270255e7d8f077b4092a502a2fa5177c,
        type: 3}
      propertyPath: m_SizeDelta.y
      value: 0
      objectReference: {fileID: 0}
    - target: {fileID: 6482370866632924982, guid: 270255e7d8f077b4092a502a2fa5177c,
        type: 3}
      propertyPath: m_LocalScale.x
      value: 0.33668002
      objectReference: {fileID: 0}
    - target: {fileID: 6482370866632924982, guid: 270255e7d8f077b4092a502a2fa5177c,
        type: 3}
      propertyPath: m_LocalScale.y
      value: 0.33668002
      objectReference: {fileID: 0}
    - target: {fileID: 6482370866632924982, guid: 270255e7d8f077b4092a502a2fa5177c,
        type: 3}
      propertyPath: m_LocalScale.z
      value: 0.33668002
      objectReference: {fileID: 0}
    - target: {fileID: 6482370866632924982, guid: 270255e7d8f077b4092a502a2fa5177c,
        type: 3}
      propertyPath: m_LocalPosition.x
      value: 0
      objectReference: {fileID: 0}
    - target: {fileID: 6482370866632924982, guid: 270255e7d8f077b4092a502a2fa5177c,
        type: 3}
      propertyPath: m_LocalPosition.y
      value: 0
      objectReference: {fileID: 0}
    - target: {fileID: 6482370866632924982, guid: 270255e7d8f077b4092a502a2fa5177c,
        type: 3}
      propertyPath: m_LocalPosition.z
      value: 0
      objectReference: {fileID: 0}
    - target: {fileID: 6482370866632924982, guid: 270255e7d8f077b4092a502a2fa5177c,
        type: 3}
      propertyPath: m_LocalRotation.w
      value: 1
      objectReference: {fileID: 0}
    - target: {fileID: 6482370866632924982, guid: 270255e7d8f077b4092a502a2fa5177c,
        type: 3}
      propertyPath: m_LocalRotation.x
      value: -0
      objectReference: {fileID: 0}
    - target: {fileID: 6482370866632924982, guid: 270255e7d8f077b4092a502a2fa5177c,
        type: 3}
      propertyPath: m_LocalRotation.y
      value: -0
      objectReference: {fileID: 0}
    - target: {fileID: 6482370866632924982, guid: 270255e7d8f077b4092a502a2fa5177c,
        type: 3}
      propertyPath: m_LocalRotation.z
      value: -0
      objectReference: {fileID: 0}
    - target: {fileID: 6482370866632924982, guid: 270255e7d8f077b4092a502a2fa5177c,
        type: 3}
      propertyPath: m_AnchoredPosition.x
      value: 0
      objectReference: {fileID: 0}
    - target: {fileID: 6482370866632924982, guid: 270255e7d8f077b4092a502a2fa5177c,
        type: 3}
      propertyPath: m_AnchoredPosition.y
      value: 1.734
      objectReference: {fileID: 0}
    - target: {fileID: 6482370866632924982, guid: 270255e7d8f077b4092a502a2fa5177c,
        type: 3}
      propertyPath: m_LocalEulerAnglesHint.x
      value: 0
      objectReference: {fileID: 0}
    - target: {fileID: 6482370866632924982, guid: 270255e7d8f077b4092a502a2fa5177c,
        type: 3}
      propertyPath: m_LocalEulerAnglesHint.y
      value: 0
      objectReference: {fileID: 0}
    - target: {fileID: 6482370866632924982, guid: 270255e7d8f077b4092a502a2fa5177c,
        type: 3}
      propertyPath: m_LocalEulerAnglesHint.z
      value: 0
      objectReference: {fileID: 0}
    - target: {fileID: 7507688007219964498, guid: 270255e7d8f077b4092a502a2fa5177c,
        type: 3}
      propertyPath: m_Color.b
      value: 0.043965846
      objectReference: {fileID: 0}
    - target: {fileID: 7507688007219964498, guid: 270255e7d8f077b4092a502a2fa5177c,
        type: 3}
      propertyPath: m_Color.g
      value: 0.7169812
      objectReference: {fileID: 0}
    - target: {fileID: 7507688007219964498, guid: 270255e7d8f077b4092a502a2fa5177c,
        type: 3}
      propertyPath: m_Color.r
      value: 0.35742497
      objectReference: {fileID: 0}
    m_RemovedComponents: []
  m_SourcePrefab: {fileID: 100100000, guid: 270255e7d8f077b4092a502a2fa5177c, type: 3}
--- !u!114 &6170355189066137975 stripped
MonoBehaviour:
  m_CorrespondingSourceObject: {fileID: 6170355190024934379, guid: 270255e7d8f077b4092a502a2fa5177c,
    type: 3}
  m_PrefabInstance: {fileID: 1227494044}
  m_PrefabAsset: {fileID: 0}
  m_GameObject: {fileID: 0}
  m_Enabled: 1
  m_EditorHideFlags: 0
  m_Script: {fileID: 11500000, guid: fe87c0e1cc204ed48ad3b37840f39efc, type: 3}
  m_Name: 
  m_EditorClassIdentifier: 
--- !u!224 &6482370865673866666 stripped
RectTransform:
  m_CorrespondingSourceObject: {fileID: 6482370866632924982, guid: 270255e7d8f077b4092a502a2fa5177c,
    type: 3}
  m_PrefabInstance: {fileID: 1227494044}
  m_PrefabAsset: {fileID: 0}
--- !u!114 &7507688008446146766 stripped
MonoBehaviour:
  m_CorrespondingSourceObject: {fileID: 7507688007219964498, guid: 270255e7d8f077b4092a502a2fa5177c,
    type: 3}
  m_PrefabInstance: {fileID: 1227494044}
  m_PrefabAsset: {fileID: 0}
  m_GameObject: {fileID: 0}
  m_Enabled: 1
  m_EditorHideFlags: 0
  m_Script: {fileID: 11500000, guid: fe87c0e1cc204ed48ad3b37840f39efc, type: 3}
  m_Name: 
  m_EditorClassIdentifier: 
--- !u!1001 &8509678508162928030
PrefabInstance:
  m_ObjectHideFlags: 0
  serializedVersion: 2
  m_Modification:
    m_TransformParent: {fileID: 8509678506779584945}
    m_Modifications:
    - target: {fileID: 512311172252402974, guid: 214e08cd5e5d74c458e2a81b7ec2c84c,
        type: 3}
      propertyPath: m_Layer
      value: 6
      objectReference: {fileID: 0}
    - target: {fileID: 8422892626600249584, guid: 214e08cd5e5d74c458e2a81b7ec2c84c,
        type: 3}
      propertyPath: m_RootOrder
      value: 0
      objectReference: {fileID: 0}
    - target: {fileID: 8422892626600249584, guid: 214e08cd5e5d74c458e2a81b7ec2c84c,
        type: 3}
      propertyPath: m_LocalPosition.x
      value: 0
      objectReference: {fileID: 0}
    - target: {fileID: 8422892626600249584, guid: 214e08cd5e5d74c458e2a81b7ec2c84c,
        type: 3}
      propertyPath: m_LocalPosition.y
      value: 0
      objectReference: {fileID: 0}
    - target: {fileID: 8422892626600249584, guid: 214e08cd5e5d74c458e2a81b7ec2c84c,
        type: 3}
      propertyPath: m_LocalPosition.z
      value: 0
      objectReference: {fileID: 0}
    - target: {fileID: 8422892626600249584, guid: 214e08cd5e5d74c458e2a81b7ec2c84c,
        type: 3}
      propertyPath: m_LocalRotation.w
      value: 1
      objectReference: {fileID: 0}
    - target: {fileID: 8422892626600249584, guid: 214e08cd5e5d74c458e2a81b7ec2c84c,
        type: 3}
      propertyPath: m_LocalRotation.x
      value: 0
      objectReference: {fileID: 0}
    - target: {fileID: 8422892626600249584, guid: 214e08cd5e5d74c458e2a81b7ec2c84c,
        type: 3}
      propertyPath: m_LocalRotation.y
      value: 0
      objectReference: {fileID: 0}
    - target: {fileID: 8422892626600249584, guid: 214e08cd5e5d74c458e2a81b7ec2c84c,
        type: 3}
      propertyPath: m_LocalRotation.z
      value: 0
      objectReference: {fileID: 0}
    - target: {fileID: 8422892626600249584, guid: 214e08cd5e5d74c458e2a81b7ec2c84c,
        type: 3}
      propertyPath: m_LocalEulerAnglesHint.x
      value: 0
      objectReference: {fileID: 0}
    - target: {fileID: 8422892626600249584, guid: 214e08cd5e5d74c458e2a81b7ec2c84c,
        type: 3}
      propertyPath: m_LocalEulerAnglesHint.y
      value: 0
      objectReference: {fileID: 0}
    - target: {fileID: 8422892626600249584, guid: 214e08cd5e5d74c458e2a81b7ec2c84c,
        type: 3}
      propertyPath: m_LocalEulerAnglesHint.z
      value: 0
      objectReference: {fileID: 0}
    - target: {fileID: 8422892626600285312, guid: 214e08cd5e5d74c458e2a81b7ec2c84c,
        type: 3}
      propertyPath: m_Layer
      value: 6
      objectReference: {fileID: 0}
    - target: {fileID: 8422892626600285314, guid: 214e08cd5e5d74c458e2a81b7ec2c84c,
        type: 3}
      propertyPath: m_Layer
      value: 6
      objectReference: {fileID: 0}
    - target: {fileID: 8422892626600285316, guid: 214e08cd5e5d74c458e2a81b7ec2c84c,
        type: 3}
      propertyPath: m_Layer
      value: 6
      objectReference: {fileID: 0}
    - target: {fileID: 8422892626600285318, guid: 214e08cd5e5d74c458e2a81b7ec2c84c,
        type: 3}
      propertyPath: m_Layer
      value: 6
      objectReference: {fileID: 0}
    - target: {fileID: 8422892626600285320, guid: 214e08cd5e5d74c458e2a81b7ec2c84c,
        type: 3}
      propertyPath: m_Layer
      value: 6
      objectReference: {fileID: 0}
    - target: {fileID: 8422892626600285322, guid: 214e08cd5e5d74c458e2a81b7ec2c84c,
        type: 3}
      propertyPath: m_Layer
      value: 6
      objectReference: {fileID: 0}
    - target: {fileID: 8422892626600285324, guid: 214e08cd5e5d74c458e2a81b7ec2c84c,
        type: 3}
      propertyPath: m_Layer
      value: 6
      objectReference: {fileID: 0}
    - target: {fileID: 8422892626600285326, guid: 214e08cd5e5d74c458e2a81b7ec2c84c,
        type: 3}
      propertyPath: m_Layer
      value: 6
      objectReference: {fileID: 0}
    - target: {fileID: 8422892626600285328, guid: 214e08cd5e5d74c458e2a81b7ec2c84c,
        type: 3}
      propertyPath: m_Layer
      value: 6
      objectReference: {fileID: 0}
    - target: {fileID: 8422892626600285330, guid: 214e08cd5e5d74c458e2a81b7ec2c84c,
        type: 3}
      propertyPath: m_Layer
      value: 6
      objectReference: {fileID: 0}
    - target: {fileID: 8422892626600285334, guid: 214e08cd5e5d74c458e2a81b7ec2c84c,
        type: 3}
      propertyPath: m_Layer
      value: 6
      objectReference: {fileID: 0}
    - target: {fileID: 8422892626600285336, guid: 214e08cd5e5d74c458e2a81b7ec2c84c,
        type: 3}
      propertyPath: m_Layer
      value: 6
      objectReference: {fileID: 0}
    - target: {fileID: 8422892626600285338, guid: 214e08cd5e5d74c458e2a81b7ec2c84c,
        type: 3}
      propertyPath: m_Layer
      value: 6
      objectReference: {fileID: 0}
    - target: {fileID: 8422892626600285340, guid: 214e08cd5e5d74c458e2a81b7ec2c84c,
        type: 3}
      propertyPath: m_Layer
      value: 6
      objectReference: {fileID: 0}
    - target: {fileID: 8422892626600285342, guid: 214e08cd5e5d74c458e2a81b7ec2c84c,
        type: 3}
      propertyPath: m_Layer
      value: 6
      objectReference: {fileID: 0}
    - target: {fileID: 8422892626600285344, guid: 214e08cd5e5d74c458e2a81b7ec2c84c,
        type: 3}
      propertyPath: m_Layer
      value: 6
      objectReference: {fileID: 0}
    - target: {fileID: 8422892626600285346, guid: 214e08cd5e5d74c458e2a81b7ec2c84c,
        type: 3}
      propertyPath: m_Layer
      value: 6
      objectReference: {fileID: 0}
    - target: {fileID: 8422892626600285348, guid: 214e08cd5e5d74c458e2a81b7ec2c84c,
        type: 3}
      propertyPath: m_Layer
      value: 6
      objectReference: {fileID: 0}
    - target: {fileID: 8422892626600285350, guid: 214e08cd5e5d74c458e2a81b7ec2c84c,
        type: 3}
      propertyPath: m_Layer
      value: 6
      objectReference: {fileID: 0}
    - target: {fileID: 8422892626600285352, guid: 214e08cd5e5d74c458e2a81b7ec2c84c,
        type: 3}
      propertyPath: m_Layer
      value: 6
      objectReference: {fileID: 0}
    - target: {fileID: 8422892626600285354, guid: 214e08cd5e5d74c458e2a81b7ec2c84c,
        type: 3}
      propertyPath: m_Layer
      value: 6
      objectReference: {fileID: 0}
    - target: {fileID: 8422892626600285356, guid: 214e08cd5e5d74c458e2a81b7ec2c84c,
        type: 3}
      propertyPath: m_Layer
      value: 6
      objectReference: {fileID: 0}
    - target: {fileID: 8422892626600285358, guid: 214e08cd5e5d74c458e2a81b7ec2c84c,
        type: 3}
      propertyPath: m_Layer
      value: 6
      objectReference: {fileID: 0}
    - target: {fileID: 8422892626600285360, guid: 214e08cd5e5d74c458e2a81b7ec2c84c,
        type: 3}
      propertyPath: m_Layer
      value: 6
      objectReference: {fileID: 0}
    - target: {fileID: 8422892626600285362, guid: 214e08cd5e5d74c458e2a81b7ec2c84c,
        type: 3}
      propertyPath: m_Layer
      value: 6
      objectReference: {fileID: 0}
    - target: {fileID: 8422892626600285364, guid: 214e08cd5e5d74c458e2a81b7ec2c84c,
        type: 3}
      propertyPath: m_Layer
      value: 6
      objectReference: {fileID: 0}
    - target: {fileID: 8422892626600285366, guid: 214e08cd5e5d74c458e2a81b7ec2c84c,
        type: 3}
      propertyPath: m_Layer
      value: 6
      objectReference: {fileID: 0}
    - target: {fileID: 8422892626600285368, guid: 214e08cd5e5d74c458e2a81b7ec2c84c,
        type: 3}
      propertyPath: m_Layer
      value: 6
      objectReference: {fileID: 0}
    - target: {fileID: 8422892626600285370, guid: 214e08cd5e5d74c458e2a81b7ec2c84c,
        type: 3}
      propertyPath: m_Layer
      value: 6
      objectReference: {fileID: 0}
    - target: {fileID: 8422892626600285372, guid: 214e08cd5e5d74c458e2a81b7ec2c84c,
        type: 3}
      propertyPath: m_Layer
      value: 6
      objectReference: {fileID: 0}
    - target: {fileID: 8422892626600285374, guid: 214e08cd5e5d74c458e2a81b7ec2c84c,
        type: 3}
      propertyPath: m_Layer
      value: 6
      objectReference: {fileID: 0}
    - target: {fileID: 8422892626600285376, guid: 214e08cd5e5d74c458e2a81b7ec2c84c,
        type: 3}
      propertyPath: m_Layer
      value: 6
      objectReference: {fileID: 0}
    - target: {fileID: 8422892626600285378, guid: 214e08cd5e5d74c458e2a81b7ec2c84c,
        type: 3}
      propertyPath: m_Layer
      value: 6
      objectReference: {fileID: 0}
    - target: {fileID: 8422892626600285380, guid: 214e08cd5e5d74c458e2a81b7ec2c84c,
        type: 3}
      propertyPath: m_Layer
      value: 6
      objectReference: {fileID: 0}
    - target: {fileID: 8422892626600285382, guid: 214e08cd5e5d74c458e2a81b7ec2c84c,
        type: 3}
      propertyPath: m_Layer
      value: 6
      objectReference: {fileID: 0}
    - target: {fileID: 8422892626600285384, guid: 214e08cd5e5d74c458e2a81b7ec2c84c,
        type: 3}
      propertyPath: m_Layer
      value: 6
      objectReference: {fileID: 0}
    - target: {fileID: 8422892626600285386, guid: 214e08cd5e5d74c458e2a81b7ec2c84c,
        type: 3}
      propertyPath: m_Layer
      value: 6
      objectReference: {fileID: 0}
    - target: {fileID: 8422892626600285388, guid: 214e08cd5e5d74c458e2a81b7ec2c84c,
        type: 3}
      propertyPath: m_Layer
      value: 6
      objectReference: {fileID: 0}
    - target: {fileID: 8422892626600285390, guid: 214e08cd5e5d74c458e2a81b7ec2c84c,
        type: 3}
      propertyPath: m_Layer
      value: 6
      objectReference: {fileID: 0}
    - target: {fileID: 8422892626600285392, guid: 214e08cd5e5d74c458e2a81b7ec2c84c,
        type: 3}
      propertyPath: m_Name
      value: DogPBR
      objectReference: {fileID: 0}
    - target: {fileID: 8422892626600285392, guid: 214e08cd5e5d74c458e2a81b7ec2c84c,
        type: 3}
      propertyPath: m_Layer
      value: 6
      objectReference: {fileID: 0}
    - target: {fileID: 8422892626600285394, guid: 214e08cd5e5d74c458e2a81b7ec2c84c,
        type: 3}
      propertyPath: m_Layer
      value: 6
      objectReference: {fileID: 0}
    - target: {fileID: 8422892626600285396, guid: 214e08cd5e5d74c458e2a81b7ec2c84c,
        type: 3}
      propertyPath: m_Layer
      value: 6
      objectReference: {fileID: 0}
    - target: {fileID: 8422892626600285398, guid: 214e08cd5e5d74c458e2a81b7ec2c84c,
        type: 3}
      propertyPath: m_Layer
      value: 6
      objectReference: {fileID: 0}
    - target: {fileID: 8422892626600285400, guid: 214e08cd5e5d74c458e2a81b7ec2c84c,
        type: 3}
      propertyPath: m_Layer
      value: 6
      objectReference: {fileID: 0}
    - target: {fileID: 8422892626600285404, guid: 214e08cd5e5d74c458e2a81b7ec2c84c,
        type: 3}
      propertyPath: m_Layer
      value: 6
      objectReference: {fileID: 0}
    - target: {fileID: 8422892626600285406, guid: 214e08cd5e5d74c458e2a81b7ec2c84c,
        type: 3}
      propertyPath: m_Layer
      value: 6
      objectReference: {fileID: 0}
    - target: {fileID: 8422892626600285520, guid: 214e08cd5e5d74c458e2a81b7ec2c84c,
        type: 3}
      propertyPath: m_Layer
      value: 6
      objectReference: {fileID: 0}
    - target: {fileID: 8422892626600285522, guid: 214e08cd5e5d74c458e2a81b7ec2c84c,
        type: 3}
      propertyPath: m_Layer
      value: 6
      objectReference: {fileID: 0}
    - target: {fileID: 8422892626600285524, guid: 214e08cd5e5d74c458e2a81b7ec2c84c,
        type: 3}
      propertyPath: m_Layer
      value: 6
      objectReference: {fileID: 0}
    - target: {fileID: 8422892626600285526, guid: 214e08cd5e5d74c458e2a81b7ec2c84c,
        type: 3}
      propertyPath: m_Layer
      value: 6
      objectReference: {fileID: 0}
    - target: {fileID: 8422892626600285528, guid: 214e08cd5e5d74c458e2a81b7ec2c84c,
        type: 3}
      propertyPath: m_Layer
      value: 6
      objectReference: {fileID: 0}
    - target: {fileID: 8422892626600285530, guid: 214e08cd5e5d74c458e2a81b7ec2c84c,
        type: 3}
      propertyPath: m_Layer
      value: 6
      objectReference: {fileID: 0}
    - target: {fileID: 8422892626600285532, guid: 214e08cd5e5d74c458e2a81b7ec2c84c,
        type: 3}
      propertyPath: m_Layer
      value: 6
      objectReference: {fileID: 0}
    - target: {fileID: 8422892626600285534, guid: 214e08cd5e5d74c458e2a81b7ec2c84c,
        type: 3}
      propertyPath: m_Layer
      value: 6
      objectReference: {fileID: 0}
    - target: {fileID: 8422892626600285536, guid: 214e08cd5e5d74c458e2a81b7ec2c84c,
        type: 3}
      propertyPath: m_Layer
      value: 6
      objectReference: {fileID: 0}
    - target: {fileID: 8422892626600285538, guid: 214e08cd5e5d74c458e2a81b7ec2c84c,
        type: 3}
      propertyPath: m_Layer
      value: 6
      objectReference: {fileID: 0}
    - target: {fileID: 8422892626600285540, guid: 214e08cd5e5d74c458e2a81b7ec2c84c,
        type: 3}
      propertyPath: m_Layer
      value: 6
      objectReference: {fileID: 0}
    - target: {fileID: 8422892626600285542, guid: 214e08cd5e5d74c458e2a81b7ec2c84c,
        type: 3}
      propertyPath: m_Layer
      value: 6
      objectReference: {fileID: 0}
    - target: {fileID: 8422892626600285544, guid: 214e08cd5e5d74c458e2a81b7ec2c84c,
        type: 3}
      propertyPath: m_Layer
      value: 6
      objectReference: {fileID: 0}
    - target: {fileID: 8422892626600285546, guid: 214e08cd5e5d74c458e2a81b7ec2c84c,
        type: 3}
      propertyPath: m_Layer
      value: 6
      objectReference: {fileID: 0}
    - target: {fileID: 8422892626600285548, guid: 214e08cd5e5d74c458e2a81b7ec2c84c,
        type: 3}
      propertyPath: m_Layer
      value: 6
      objectReference: {fileID: 0}
    - target: {fileID: 8422892626600285550, guid: 214e08cd5e5d74c458e2a81b7ec2c84c,
        type: 3}
      propertyPath: m_Layer
      value: 6
      objectReference: {fileID: 0}
    - target: {fileID: 8422892626600285552, guid: 214e08cd5e5d74c458e2a81b7ec2c84c,
        type: 3}
      propertyPath: m_Layer
      value: 6
      objectReference: {fileID: 0}
    - target: {fileID: 8422892626600285554, guid: 214e08cd5e5d74c458e2a81b7ec2c84c,
        type: 3}
      propertyPath: m_Layer
      value: 6
      objectReference: {fileID: 0}
    - target: {fileID: 8422892626600285556, guid: 214e08cd5e5d74c458e2a81b7ec2c84c,
        type: 3}
      propertyPath: m_Layer
      value: 6
      objectReference: {fileID: 0}
    - target: {fileID: 8422892626600285558, guid: 214e08cd5e5d74c458e2a81b7ec2c84c,
        type: 3}
      propertyPath: m_Layer
      value: 6
      objectReference: {fileID: 0}
    - target: {fileID: 8422892626600285560, guid: 214e08cd5e5d74c458e2a81b7ec2c84c,
        type: 3}
      propertyPath: m_Layer
      value: 6
      objectReference: {fileID: 0}
    - target: {fileID: 8422892626600285562, guid: 214e08cd5e5d74c458e2a81b7ec2c84c,
        type: 3}
      propertyPath: m_Layer
      value: 6
      objectReference: {fileID: 0}
    - target: {fileID: 8422892626600285564, guid: 214e08cd5e5d74c458e2a81b7ec2c84c,
        type: 3}
      propertyPath: m_Layer
      value: 6
      objectReference: {fileID: 0}
    - target: {fileID: 8422892626600285566, guid: 214e08cd5e5d74c458e2a81b7ec2c84c,
        type: 3}
      propertyPath: m_Layer
      value: 6
      objectReference: {fileID: 0}
    - target: {fileID: 8845912188884468465, guid: 214e08cd5e5d74c458e2a81b7ec2c84c,
        type: 3}
      propertyPath: m_Layer
      value: 6
      objectReference: {fileID: 0}
    m_RemovedComponents: []
  m_SourcePrefab: {fileID: 100100000, guid: 214e08cd5e5d74c458e2a81b7ec2c84c, type: 3}
--- !u!4 &215138914666546542 stripped
Transform:
  m_CorrespondingSourceObject: {fileID: 8422892626600249584, guid: 214e08cd5e5d74c458e2a81b7ec2c84c,
    type: 3}
  m_PrefabInstance: {fileID: 8509678508162928030}
  m_PrefabAsset: {fileID: 0}
