%YAML 1.1
%TAG !u! tag:unity3d.com,2011:
--- !u!1 &1680452506421242543
GameObject:
  m_ObjectHideFlags: 0
  m_CorrespondingSourceObject: {fileID: 0}
  m_PrefabInstance: {fileID: 0}
  m_PrefabAsset: {fileID: 0}
  serializedVersion: 6
  m_Component:
  - component: {fileID: 5371781927809978105}
  - component: {fileID: -7864169230349646748}
  - component: {fileID: 4751550669996626937}
  - component: {fileID: 8556001024963843161}
  - component: {fileID: 37883498119244949}
  - component: {fileID: 7424544887807535054}
  - component: {fileID: 8339164224570524766}
  - component: {fileID: 7477735677288102471}
  m_Layer: 7
  m_Name: EnemyBase
  m_TagString: Untagged
  m_Icon: {fileID: 0}
  m_NavMeshLayer: 0
  m_StaticEditorFlags: 0
  m_IsActive: 1
--- !u!4 &5371781927809978105
Transform:
  m_ObjectHideFlags: 0
  m_CorrespondingSourceObject: {fileID: 0}
  m_PrefabInstance: {fileID: 0}
  m_PrefabAsset: {fileID: 0}
  m_GameObject: {fileID: 1680452506421242543}
  m_LocalRotation: {x: 0, y: 0, z: 0, w: 1}
  m_LocalPosition: {x: 0, y: 0, z: 0}
  m_LocalScale: {x: 1, y: 1, z: 1}
  m_ConstrainProportionsScale: 0
  m_Children:
  - {fileID: 321328309888759242}
  m_Father: {fileID: 0}
  m_RootOrder: 0
  m_LocalEulerAnglesHint: {x: 0, y: 0, z: 0}
--- !u!195 &-7864169230349646748
NavMeshAgent:
  m_ObjectHideFlags: 0
  m_CorrespondingSourceObject: {fileID: 0}
  m_PrefabInstance: {fileID: 0}
  m_PrefabAsset: {fileID: 0}
  m_GameObject: {fileID: 1680452506421242543}
  m_Enabled: 1
  m_AgentTypeID: 0
  m_Radius: 0.5
  m_Speed: 3.5
  m_Acceleration: 8
  avoidancePriority: 50
  m_AngularSpeed: 120
  m_StoppingDistance: 0
  m_AutoTraverseOffMeshLink: 1
  m_AutoBraking: 1
  m_AutoRepath: 1
  m_Height: 2
  m_BaseOffset: 0
  m_WalkableMask: 4294967295
  m_ObstacleAvoidanceType: 4
--- !u!136 &4751550669996626937
CapsuleCollider:
  m_ObjectHideFlags: 0
  m_CorrespondingSourceObject: {fileID: 0}
  m_PrefabInstance: {fileID: 0}
  m_PrefabAsset: {fileID: 0}
  m_GameObject: {fileID: 1680452506421242543}
  m_Material: {fileID: 0}
  m_IsTrigger: 0
  m_Enabled: 1
  m_Radius: 0.5
  m_Height: 1
  m_Direction: 1
  m_Center: {x: 0, y: 0, z: 0}
--- !u!114 &8556001024963843161
MonoBehaviour:
  m_ObjectHideFlags: 0
  m_CorrespondingSourceObject: {fileID: 0}
  m_PrefabInstance: {fileID: 0}
  m_PrefabAsset: {fileID: 0}
  m_GameObject: {fileID: 1680452506421242543}
  m_Enabled: 1
  m_EditorHideFlags: 0
  m_Script: {fileID: 11500000, guid: ec82f44b9fb90d5489831a7b5ebff618, type: 3}
  m_Name: 
  m_EditorClassIdentifier: 
--- !u!114 &37883498119244949
MonoBehaviour:
  m_ObjectHideFlags: 0
  m_CorrespondingSourceObject: {fileID: 0}
  m_PrefabInstance: {fileID: 0}
  m_PrefabAsset: {fileID: 0}
  m_GameObject: {fileID: 1680452506421242543}
  m_Enabled: 1
  m_EditorHideFlags: 0
  m_Script: {fileID: 11500000, guid: 35ed005d513624b48a9a6c4e46e9f348, type: 3}
  m_Name: 
  m_EditorClassIdentifier: 
  maxHealth: 100
  deadPrize: 10
--- !u!114 &7424544887807535054
MonoBehaviour:
  m_ObjectHideFlags: 0
  m_CorrespondingSourceObject: {fileID: 0}
  m_PrefabInstance: {fileID: 0}
  m_PrefabAsset: {fileID: 0}
  m_GameObject: {fileID: 1680452506421242543}
  m_Enabled: 1
  m_EditorHideFlags: 0
  m_Script: {fileID: 11500000, guid: 0d0294eee6a1ae344bc6f8087d6f3096, type: 3}
  m_Name: 
  m_EditorClassIdentifier: 
  sightRange: 6
  attackRange: 1
--- !u!114 &8339164224570524766
MonoBehaviour:
  m_ObjectHideFlags: 0
  m_CorrespondingSourceObject: {fileID: 0}
  m_PrefabInstance: {fileID: 0}
  m_PrefabAsset: {fileID: 0}
  m_GameObject: {fileID: 1680452506421242543}
  m_Enabled: 1
  m_EditorHideFlags: 0
  m_Script: {fileID: 11500000, guid: ecb96f808e1d4d1fb5ccdb2472c54981, type: 3}
  m_Name: 
  m_EditorClassIdentifier: 
  spawnPoint: {fileID: 0}
--- !u!114 &7477735677288102471
MonoBehaviour:
  m_ObjectHideFlags: 0
  m_CorrespondingSourceObject: {fileID: 0}
  m_PrefabInstance: {fileID: 0}
  m_PrefabAsset: {fileID: 0}
  m_GameObject: {fileID: 1680452506421242543}
  m_Enabled: 1
  m_EditorHideFlags: 0
  m_Script: {fileID: 11500000, guid: fb9688edb7bcf814eb3f16f562a23ec7, type: 3}
  m_Name: 
  m_EditorClassIdentifier: 
  fillImage: {fileID: 0}
  backgroundImage: {fileID: 0}
--- !u!1001 &6738396114099972860
PrefabInstance:
  m_ObjectHideFlags: 0
  serializedVersion: 2
  m_Modification:
    m_TransformParent: {fileID: 5371781927809978105}
    m_Modifications:
    - target: {fileID: 1340232319763212320, guid: 270255e7d8f077b4092a502a2fa5177c,
        type: 3}
      propertyPath: m_Name
      value: HealthBar
      objectReference: {fileID: 0}
    - target: {fileID: 6482370866632924982, guid: 270255e7d8f077b4092a502a2fa5177c,
        type: 3}
      propertyPath: m_Pivot.x
      value: 0.5
      objectReference: {fileID: 0}
    - target: {fileID: 6482370866632924982, guid: 270255e7d8f077b4092a502a2fa5177c,
        type: 3}
      propertyPath: m_Pivot.y
      value: 0.5
      objectReference: {fileID: 0}
    - target: {fileID: 6482370866632924982, guid: 270255e7d8f077b4092a502a2fa5177c,
        type: 3}
      propertyPath: m_RootOrder
      value: 0
      objectReference: {fileID: 0}
    - target: {fileID: 6482370866632924982, guid: 270255e7d8f077b4092a502a2fa5177c,
        type: 3}
      propertyPath: m_AnchorMax.x
      value: 0
      objectReference: {fileID: 0}
    - target: {fileID: 6482370866632924982, guid: 270255e7d8f077b4092a502a2fa5177c,
        type: 3}
      propertyPath: m_AnchorMax.y
      value: 0
      objectReference: {fileID: 0}
    - target: {fileID: 6482370866632924982, guid: 270255e7d8f077b4092a502a2fa5177c,
        type: 3}
      propertyPath: m_AnchorMin.x
      value: 0
      objectReference: {fileID: 0}
    - target: {fileID: 6482370866632924982, guid: 270255e7d8f077b4092a502a2fa5177c,
        type: 3}
      propertyPath: m_AnchorMin.y
      value: 0
      objectReference: {fileID: 0}
    - target: {fileID: 6482370866632924982, guid: 270255e7d8f077b4092a502a2fa5177c,
        type: 3}
      propertyPath: m_SizeDelta.x
      value: 0
      objectReference: {fileID: 0}
    - target: {fileID: 6482370866632924982, guid: 270255e7d8f077b4092a502a2fa5177c,
        type: 3}
      propertyPath: m_SizeDelta.y
      value: 0
      objectReference: {fileID: 0}
    - target: {fileID: 6482370866632924982, guid: 270255e7d8f077b4092a502a2fa5177c,
        type: 3}
      propertyPath: m_LocalScale.y
      value: 0.27905384
      objectReference: {fileID: 0}
    - target: {fileID: 6482370866632924982, guid: 270255e7d8f077b4092a502a2fa5177c,
        type: 3}
      propertyPath: m_LocalPosition.x
      value: 0
      objectReference: {fileID: 0}
    - target: {fileID: 6482370866632924982, guid: 270255e7d8f077b4092a502a2fa5177c,
        type: 3}
      propertyPath: m_LocalPosition.y
      value: 0
      objectReference: {fileID: 0}
    - target: {fileID: 6482370866632924982, guid: 270255e7d8f077b4092a502a2fa5177c,
        type: 3}
      propertyPath: m_LocalPosition.z
      value: 0
      objectReference: {fileID: 0}
    - target: {fileID: 6482370866632924982, guid: 270255e7d8f077b4092a502a2fa5177c,
        type: 3}
      propertyPath: m_LocalRotation.w
      value: 1
      objectReference: {fileID: 0}
    - target: {fileID: 6482370866632924982, guid: 270255e7d8f077b4092a502a2fa5177c,
        type: 3}
      propertyPath: m_LocalRotation.x
      value: -0
      objectReference: {fileID: 0}
    - target: {fileID: 6482370866632924982, guid: 270255e7d8f077b4092a502a2fa5177c,
        type: 3}
      propertyPath: m_LocalRotation.y
      value: -0
      objectReference: {fileID: 0}
    - target: {fileID: 6482370866632924982, guid: 270255e7d8f077b4092a502a2fa5177c,
        type: 3}
      propertyPath: m_LocalRotation.z
      value: -0
      objectReference: {fileID: 0}
    - target: {fileID: 6482370866632924982, guid: 270255e7d8f077b4092a502a2fa5177c,
        type: 3}
      propertyPath: m_AnchoredPosition.x
      value: 0
      objectReference: {fileID: 0}
    - target: {fileID: 6482370866632924982, guid: 270255e7d8f077b4092a502a2fa5177c,
        type: 3}
      propertyPath: m_AnchoredPosition.y
      value: 1.917
      objectReference: {fileID: 0}
    - target: {fileID: 6482370866632924982, guid: 270255e7d8f077b4092a502a2fa5177c,
        type: 3}
      propertyPath: m_LocalEulerAnglesHint.x
      value: 0
      objectReference: {fileID: 0}
    - target: {fileID: 6482370866632924982, guid: 270255e7d8f077b4092a502a2fa5177c,
        type: 3}
      propertyPath: m_LocalEulerAnglesHint.y
      value: 0
      objectReference: {fileID: 0}
    - target: {fileID: 6482370866632924982, guid: 270255e7d8f077b4092a502a2fa5177c,
        type: 3}
      propertyPath: m_LocalEulerAnglesHint.z
      value: 0
      objectReference: {fileID: 0}
    m_RemovedComponents: []
  m_SourcePrefab: {fileID: 100100000, guid: 270255e7d8f077b4092a502a2fa5177c, type: 3}
--- !u!224 &321328309888759242 stripped
RectTransform:
  m_CorrespondingSourceObject: {fileID: 6482370866632924982, guid: 270255e7d8f077b4092a502a2fa5177c,
    type: 3}
  m_PrefabInstance: {fileID: 6738396114099972860}
  m_PrefabAsset: {fileID: 0}
