%YAML 1.1
%TAG !u! tag:unity3d.com,2011:
--- !u!29 &1
OcclusionCullingSettings:
  m_ObjectHideFlags: 0
  serializedVersion: 2
  m_OcclusionBakeSettings:
    smallestOccluder: 5
    smallestHole: 0.25
    backfaceThreshold: 100
  m_SceneGUID: 00000000000000000000000000000000
  m_OcclusionCullingData: {fileID: 0}
--- !u!104 &2
RenderSettings:
  m_ObjectHideFlags: 0
  serializedVersion: 9
  m_Fog: 0
  m_FogColor: {r: 0.5, g: 0.5, b: 0.5, a: 1}
  m_FogMode: 3
  m_FogDensity: 0.01
  m_LinearFogStart: 0
  m_LinearFogEnd: 300
  m_AmbientSkyColor: {r: 0.212, g: 0.227, b: 0.259, a: 1}
  m_AmbientEquatorColor: {r: 0.114, g: 0.125, b: 0.133, a: 1}
  m_AmbientGroundColor: {r: 0.047, g: 0.043, b: 0.035, a: 1}
  m_AmbientIntensity: 1
  m_AmbientMode: 0
  m_SubtractiveShadowColor: {r: 0.42, g: 0.478, b: 0.627, a: 1}
  m_SkyboxMaterial: {fileID: 10304, guid: 0000000000000000f000000000000000, type: 0}
  m_HaloStrength: 0.5
  m_FlareStrength: 1
  m_FlareFadeSpeed: 3
  m_HaloTexture: {fileID: 0}
  m_SpotCookie: {fileID: 10001, guid: 0000000000000000e000000000000000, type: 0}
  m_DefaultReflectionMode: 0
  m_DefaultReflectionResolution: 128
  m_ReflectionBounces: 1
  m_ReflectionIntensity: 1
  m_CustomReflection: {fileID: 0}
  m_Sun: {fileID: 0}
  m_IndirectSpecularColor: {r: 0.12731713, g: 0.13414738, b: 0.121078536, a: 1}
  m_UseRadianceAmbientProbe: 0
--- !u!157 &3
LightmapSettings:
  m_ObjectHideFlags: 0
  serializedVersion: 12
  m_GIWorkflowMode: 1
  m_GISettings:
    serializedVersion: 2
    m_BounceScale: 1
    m_IndirectOutputScale: 1
    m_AlbedoBoost: 1
    m_EnvironmentLightingMode: 0
    m_EnableBakedLightmaps: 1
    m_EnableRealtimeLightmaps: 0
  m_LightmapEditorSettings:
    serializedVersion: 12
    m_Resolution: 2
    m_BakeResolution: 40
    m_AtlasSize: 1024
    m_AO: 0
    m_AOMaxDistance: 1
    m_CompAOExponent: 1
    m_CompAOExponentDirect: 0
    m_ExtractAmbientOcclusion: 0
    m_Padding: 2
    m_LightmapParameters: {fileID: 0}
    m_LightmapsBakeMode: 1
    m_TextureCompression: 1
    m_FinalGather: 0
    m_FinalGatherFiltering: 1
    m_FinalGatherRayCount: 256
    m_ReflectionCompression: 2
    m_MixedBakeMode: 2
    m_BakeBackend: 1
    m_PVRSampling: 1
    m_PVRDirectSampleCount: 32
    m_PVRSampleCount: 512
    m_PVRBounces: 2
    m_PVREnvironmentSampleCount: 256
    m_PVREnvironmentReferencePointCount: 2048
    m_PVRFilteringMode: 1
    m_PVRDenoiserTypeDirect: 1
    m_PVRDenoiserTypeIndirect: 1
    m_PVRDenoiserTypeAO: 1
    m_PVRFilterTypeDirect: 0
    m_PVRFilterTypeIndirect: 0
    m_PVRFilterTypeAO: 0
    m_PVREnvironmentMIS: 1
    m_PVRCulling: 1
    m_PVRFilteringGaussRadiusDirect: 1
    m_PVRFilteringGaussRadiusIndirect: 5
    m_PVRFilteringGaussRadiusAO: 2
    m_PVRFilteringAtrousPositionSigmaDirect: 0.5
    m_PVRFilteringAtrousPositionSigmaIndirect: 2
    m_PVRFilteringAtrousPositionSigmaAO: 1
    m_ExportTrainingData: 0
    m_TrainingDataDestination: TrainingData
    m_LightProbeSampleCountMultiplier: 4
  m_LightingDataAsset: {fileID: 0}
  m_LightingSettings: {fileID: 0}
--- !u!196 &4
NavMeshSettings:
  serializedVersion: 2
  m_ObjectHideFlags: 0
  m_BuildSettings:
    serializedVersion: 2
    agentTypeID: 0
    agentRadius: 0.5
    agentHeight: 2
    agentSlope: 45
    agentClimb: 0.4
    ledgeDropHeight: 0
    maxJumpAcrossDistance: 0
    minRegionArea: 2
    manualCellSize: 0
    cellSize: 0.16666667
    manualTileSize: 0
    tileSize: 256
    accuratePlacement: 0
    maxJobWorkers: 0
    preserveTilesOutsideBounds: 0
    debug:
      m_Flags: 0
  m_NavMeshData: {fileID: 0}
--- !u!1 &81130084 stripped
GameObject:
  m_CorrespondingSourceObject: {fileID: 1897359711263790545, guid: eede96cab59b2bf47803fff211f7d6aa,
    type: 3}
  m_PrefabInstance: {fileID: 6903473176964210495}
  m_PrefabAsset: {fileID: 0}
--- !u!1 &92573791 stripped
GameObject:
  m_CorrespondingSourceObject: {fileID: 1897359711252346862, guid: eede96cab59b2bf47803fff211f7d6aa,
    type: 3}
  m_PrefabInstance: {fileID: 6903473176964210495}
  m_PrefabAsset: {fileID: 0}
--- !u!1 &114474421
GameObject:
  m_ObjectHideFlags: 0
  m_CorrespondingSourceObject: {fileID: 0}
  m_PrefabInstance: {fileID: 0}
  m_PrefabAsset: {fileID: 0}
  serializedVersion: 6
  m_Component:
  - component: {fileID: 114474422}
  m_Layer: 0
  m_Name: -------------
  m_TagString: Untagged
  m_Icon: {fileID: 0}
  m_NavMeshLayer: 0
  m_StaticEditorFlags: 0
  m_IsActive: 1
--- !u!4 &114474422
Transform:
  m_ObjectHideFlags: 0
  m_CorrespondingSourceObject: {fileID: 0}
  m_PrefabInstance: {fileID: 0}
  m_PrefabAsset: {fileID: 0}
  m_GameObject: {fileID: 114474421}
  m_LocalRotation: {x: 0, y: 0, z: 0, w: 1}
  m_LocalPosition: {x: 0, y: 0, z: 0}
  m_LocalScale: {x: 1, y: 1, z: 1}
  m_ConstrainProportionsScale: 0
  m_Children: []
  m_Father: {fileID: 0}
  m_RootOrder: 3
  m_LocalEulerAnglesHint: {x: 0, y: 0, z: 0}
--- !u!1 &258656374 stripped
GameObject:
  m_CorrespondingSourceObject: {fileID: 2958420300970767128, guid: eede96cab59b2bf47803fff211f7d6aa,
    type: 3}
  m_PrefabInstance: {fileID: 6903473176964210495}
  m_PrefabAsset: {fileID: 0}
--- !u!1 &268954070 stripped
GameObject:
  m_CorrespondingSourceObject: {fileID: 2958420300452565688, guid: eede96cab59b2bf47803fff211f7d6aa,
    type: 3}
  m_PrefabInstance: {fileID: 6903473176964210495}
  m_PrefabAsset: {fileID: 0}
--- !u!1 &275394928 stripped
GameObject:
  m_CorrespondingSourceObject: {fileID: 2958420300450646530, guid: eede96cab59b2bf47803fff211f7d6aa,
    type: 3}
  m_PrefabInstance: {fileID: 6903473176964210495}
  m_PrefabAsset: {fileID: 0}
--- !u!1 &385431424 stripped
GameObject:
  m_CorrespondingSourceObject: {fileID: 2958420300543904786, guid: eede96cab59b2bf47803fff211f7d6aa,
    type: 3}
  m_PrefabInstance: {fileID: 6903473176964210495}
  m_PrefabAsset: {fileID: 0}
--- !u!1 &401568447 stripped
GameObject:
  m_CorrespondingSourceObject: {fileID: 2958420300560009681, guid: eede96cab59b2bf47803fff211f7d6aa,
    type: 3}
  m_PrefabInstance: {fileID: 6903473176964210495}
  m_PrefabAsset: {fileID: 0}
--- !u!1 &591096471 stripped
GameObject:
  m_CorrespondingSourceObject: {fileID: 2958420301311578617, guid: eede96cab59b2bf47803fff211f7d6aa,
    type: 3}
  m_PrefabInstance: {fileID: 6903473176964210495}
  m_PrefabAsset: {fileID: 0}
--- !u!1 &628652854 stripped
GameObject:
  m_CorrespondingSourceObject: {fileID: 1897359711794732167, guid: eede96cab59b2bf47803fff211f7d6aa,
    type: 3}
  m_PrefabInstance: {fileID: 6903473176964210495}
  m_PrefabAsset: {fileID: 0}
--- !u!1 &663013802 stripped
GameObject:
  m_CorrespondingSourceObject: {fileID: 2958420301366735556, guid: eede96cab59b2bf47803fff211f7d6aa,
    type: 3}
  m_PrefabInstance: {fileID: 6903473176964210495}
  m_PrefabAsset: {fileID: 0}
--- !u!1 &667186790 stripped
GameObject:
  m_CorrespondingSourceObject: {fileID: 1897359711818584535, guid: eede96cab59b2bf47803fff211f7d6aa,
    type: 3}
  m_PrefabInstance: {fileID: 6903473176964210495}
  m_PrefabAsset: {fileID: 0}
--- !u!1 &691796554 stripped
GameObject:
  m_CorrespondingSourceObject: {fileID: 2958420301412270372, guid: eede96cab59b2bf47803fff211f7d6aa,
    type: 3}
  m_PrefabInstance: {fileID: 6903473176964210495}
  m_PrefabAsset: {fileID: 0}
--- !u!1 &711103886 stripped
GameObject:
  m_CorrespondingSourceObject: {fileID: 1897359712047034943, guid: eede96cab59b2bf47803fff211f7d6aa,
    type: 3}
  m_PrefabInstance: {fileID: 6903473176964210495}
  m_PrefabAsset: {fileID: 0}
--- !u!1 &842606178
GameObject:
  m_ObjectHideFlags: 0
  m_CorrespondingSourceObject: {fileID: 0}
  m_PrefabInstance: {fileID: 0}
  m_PrefabAsset: {fileID: 0}
  serializedVersion: 6
  m_Component:
  - component: {fileID: 842606179}
  m_Layer: 0
  m_Name: SpawnPoint
  m_TagString: Untagged
  m_Icon: {fileID: 0}
  m_NavMeshLayer: 0
  m_StaticEditorFlags: 0
  m_IsActive: 1
--- !u!4 &842606179
Transform:
  m_ObjectHideFlags: 0
  m_CorrespondingSourceObject: {fileID: 0}
  m_PrefabInstance: {fileID: 0}
  m_PrefabAsset: {fileID: 0}
  m_GameObject: {fileID: 842606178}
  m_LocalRotation: {x: 0, y: 0, z: 0, w: 1}
  m_LocalPosition: {x: -300.03, y: 0, z: -45.998}
  m_LocalScale: {x: 1, y: 1, z: 1}
  m_ConstrainProportionsScale: 0
  m_Children: []
  m_Father: {fileID: 0}
  m_RootOrder: 4
  m_LocalEulerAnglesHint: {x: 0, y: 0, z: 0}
--- !u!1 &1011518120 stripped
GameObject:
  m_CorrespondingSourceObject: {fileID: 1897359711676362005, guid: eede96cab59b2bf47803fff211f7d6aa,
    type: 3}
  m_PrefabInstance: {fileID: 6903473176964210495}
  m_PrefabAsset: {fileID: 0}
--- !u!1 &1046730752 stripped
GameObject:
  m_CorrespondingSourceObject: {fileID: 2958420301221964946, guid: eede96cab59b2bf47803fff211f7d6aa,
    type: 3}
  m_PrefabInstance: {fileID: 6903473176964210495}
  m_PrefabAsset: {fileID: 0}
--- !u!1 &1069642789 stripped
GameObject:
  m_CorrespondingSourceObject: {fileID: 2958420301228085071, guid: eede96cab59b2bf47803fff211f7d6aa,
    type: 3}
  m_PrefabInstance: {fileID: 6903473176964210495}
  m_PrefabAsset: {fileID: 0}
--- !u!1 &1073915309 stripped
GameObject:
  m_CorrespondingSourceObject: {fileID: 1897359710270734872, guid: eede96cab59b2bf47803fff211f7d6aa,
    type: 3}
  m_PrefabInstance: {fileID: 6903473176964210495}
  m_PrefabAsset: {fileID: 0}
--- !u!1 &1163389321 stripped
GameObject:
  m_CorrespondingSourceObject: {fileID: 2958420299727999723, guid: eede96cab59b2bf47803fff211f7d6aa,
    type: 3}
  m_PrefabInstance: {fileID: 6903473176964210495}
  m_PrefabAsset: {fileID: 0}
--- !u!1 &1173703413 stripped
GameObject:
  m_CorrespondingSourceObject: {fileID: 2958420299721552287, guid: eede96cab59b2bf47803fff211f7d6aa,
    type: 3}
  m_PrefabInstance: {fileID: 6903473176964210495}
  m_PrefabAsset: {fileID: 0}
--- !u!1 &1182039399 stripped
GameObject:
  m_CorrespondingSourceObject: {fileID: 2958420299746641417, guid: eede96cab59b2bf47803fff211f7d6aa,
    type: 3}
  m_PrefabInstance: {fileID: 6903473176964210495}
  m_PrefabAsset: {fileID: 0}
--- !u!1 &1208550079 stripped
GameObject:
  m_CorrespondingSourceObject: {fileID: 1897359710405321998, guid: eede96cab59b2bf47803fff211f7d6aa,
    type: 3}
  m_PrefabInstance: {fileID: 6903473176964210495}
  m_PrefabAsset: {fileID: 0}
--- !u!1 &1258063566 stripped
GameObject:
  m_CorrespondingSourceObject: {fileID: 2958420299805949344, guid: eede96cab59b2bf47803fff211f7d6aa,
    type: 3}
  m_PrefabInstance: {fileID: 6903473176964210495}
  m_PrefabAsset: {fileID: 0}
--- !u!1 &1272985278 stripped
GameObject:
  m_CorrespondingSourceObject: {fileID: 2958420299820846544, guid: eede96cab59b2bf47803fff211f7d6aa,
    type: 3}
  m_PrefabInstance: {fileID: 6903473176964210495}
  m_PrefabAsset: {fileID: 0}
--- !u!1 &1363375769 stripped
GameObject:
  m_CorrespondingSourceObject: {fileID: 2958420299391110651, guid: eede96cab59b2bf47803fff211f7d6aa,
    type: 3}
  m_PrefabInstance: {fileID: 6903473176964210495}
  m_PrefabAsset: {fileID: 0}
--- !u!1 &1599465259 stripped
GameObject:
  m_CorrespondingSourceObject: {fileID: 1897359710080991386, guid: eede96cab59b2bf47803fff211f7d6aa,
    type: 3}
  m_PrefabInstance: {fileID: 6903473176964210495}
  m_PrefabAsset: {fileID: 0}
--- !u!1 &1616701028 stripped
GameObject:
  m_CorrespondingSourceObject: {fileID: 2958420300181314830, guid: eede96cab59b2bf47803fff211f7d6aa,
    type: 3}
  m_PrefabInstance: {fileID: 6903473176964210495}
  m_PrefabAsset: {fileID: 0}
--- !u!1 &1625716882 stripped
GameObject:
  m_CorrespondingSourceObject: {fileID: 2958420300173542396, guid: eede96cab59b2bf47803fff211f7d6aa,
    type: 3}
  m_PrefabInstance: {fileID: 6903473176964210495}
  m_PrefabAsset: {fileID: 0}
--- !u!1 &1675931454 stripped
GameObject:
  m_CorrespondingSourceObject: {fileID: 1897359710814029967, guid: eede96cab59b2bf47803fff211f7d6aa,
    type: 3}
  m_PrefabInstance: {fileID: 6903473176964210495}
  m_PrefabAsset: {fileID: 0}
--- !u!1 &1815126991 stripped
GameObject:
  m_CorrespondingSourceObject: {fileID: 2958420300388161697, guid: eede96cab59b2bf47803fff211f7d6aa,
    type: 3}
  m_PrefabInstance: {fileID: 6903473176964210495}
  m_PrefabAsset: {fileID: 0}
--- !u!1 &1836645957 stripped
GameObject:
  m_CorrespondingSourceObject: {fileID: 2958420300401247535, guid: eede96cab59b2bf47803fff211f7d6aa,
    type: 3}
  m_PrefabInstance: {fileID: 6903473176964210495}
  m_PrefabAsset: {fileID: 0}
--- !u!1 &2049976661 stripped
GameObject:
  m_CorrespondingSourceObject: {fileID: 2958420300086137407, guid: eede96cab59b2bf47803fff211f7d6aa,
    type: 3}
  m_PrefabInstance: {fileID: 6903473176964210495}
  m_PrefabAsset: {fileID: 0}
--- !u!1 &2102549428
GameObject:
  m_ObjectHideFlags: 0
  m_CorrespondingSourceObject: {fileID: 0}
  m_PrefabInstance: {fileID: 0}
  m_PrefabAsset: {fileID: 0}
  serializedVersion: 6
  m_Component:
  - component: {fileID: 2102549430}
  - component: {fileID: 2102549429}
  m_Layer: 0
  m_Name: SceneContext
  m_TagString: Untagged
  m_Icon: {fileID: 0}
  m_NavMeshLayer: 0
  m_StaticEditorFlags: 0
  m_IsActive: 1
--- !u!114 &2102549429
MonoBehaviour:
  m_ObjectHideFlags: 0
  m_CorrespondingSourceObject: {fileID: 0}
  m_PrefabInstance: {fileID: 0}
  m_PrefabAsset: {fileID: 0}
  m_GameObject: {fileID: 2102549428}
  m_Enabled: 1
  m_EditorHideFlags: 0
  m_Script: {fileID: 11500000, guid: 89715ad69b973a14899afa2c6730b30b, type: 3}
  m_Name: 
  m_EditorClassIdentifier: 
  _scriptableObjectInstallers: []
  _monoInstallers: []
  _installerPrefabs: []
  _autoRun: 1
  OnPreInstall:
    m_PersistentCalls:
      m_Calls: []
  OnPostInstall:
    m_PersistentCalls:
      m_Calls: []
  OnPreResolve:
    m_PersistentCalls:
      m_Calls: []
  OnPostResolve:
    m_PersistentCalls:
      m_Calls: []
  _parentNewObjectsUnderSceneContext: 0
  _contractNames: []
  _parentContractNames:
  - Player
  - GlobalManagers
--- !u!4 &2102549430
Transform:
  m_ObjectHideFlags: 0
  m_CorrespondingSourceObject: {fileID: 0}
  m_PrefabInstance: {fileID: 0}
  m_PrefabAsset: {fileID: 0}
  m_GameObject: {fileID: 2102549428}
  m_LocalRotation: {x: 0, y: 0, z: 0, w: 1}
  m_LocalPosition: {x: 0, y: 0, z: 0}
  m_LocalScale: {x: 1, y: 1, z: 1}
  m_ConstrainProportionsScale: 0
  m_Children: []
  m_Father: {fileID: 0}
  m_RootOrder: 5
  m_LocalEulerAnglesHint: {x: 0, y: 0, z: 0}
--- !u!1 &2106865970
GameObject:
  m_ObjectHideFlags: 0
  m_CorrespondingSourceObject: {fileID: 0}
  m_PrefabInstance: {fileID: 0}
  m_PrefabAsset: {fileID: 0}
  serializedVersion: 6
  m_Component:
  - component: {fileID: 2106865971}
  m_Layer: 0
  m_Name: -------------
  m_TagString: Untagged
  m_Icon: {fileID: 0}
  m_NavMeshLayer: 0
  m_StaticEditorFlags: 0
  m_IsActive: 1
--- !u!4 &2106865971
Transform:
  m_ObjectHideFlags: 0
  m_CorrespondingSourceObject: {fileID: 0}
  m_PrefabInstance: {fileID: 0}
  m_PrefabAsset: {fileID: 0}
  m_GameObject: {fileID: 2106865970}
  m_LocalRotation: {x: 0, y: 0, z: 0, w: 1}
  m_LocalPosition: {x: 0, y: 0, z: 0}
  m_LocalScale: {x: 1, y: 1, z: 1}
  m_ConstrainProportionsScale: 0
  m_Children: []
  m_Father: {fileID: 0}
  m_RootOrder: 1
  m_LocalEulerAnglesHint: {x: 0, y: 0, z: 0}
--- !u!1 &2125740208 stripped
GameObject:
  m_CorrespondingSourceObject: {fileID: 1897359710632664861, guid: eede96cab59b2bf47803fff211f7d6aa,
    type: 3}
  m_PrefabInstance: {fileID: 6903473176964210495}
  m_PrefabAsset: {fileID: 0}
--- !u!1 &2129827540 stripped
GameObject:
  m_CorrespondingSourceObject: {fileID: 1897359710628311393, guid: eede96cab59b2bf47803fff211f7d6aa,
    type: 3}
  m_PrefabInstance: {fileID: 6903473176964210495}
  m_PrefabAsset: {fileID: 0}
--- !u!1001 &2872359883673017106
PrefabInstance:
  m_ObjectHideFlags: 0
  serializedVersion: 2
  m_Modification:
    m_TransformParent: {fileID: 0}
    m_Modifications:
    - target: {fileID: 2872359885368286808, guid: 96fcae4f46937444abf63fb1eabbccdb,
        type: 3}
      propertyPath: m_Name
      value: EnemyManager
      objectReference: {fileID: 0}
    - target: {fileID: 2872359885368286809, guid: 96fcae4f46937444abf63fb1eabbccdb,
        type: 3}
      propertyPath: m_RootOrder
      value: 0
      objectReference: {fileID: 0}
    - target: {fileID: 2872359885368286809, guid: 96fcae4f46937444abf63fb1eabbccdb,
        type: 3}
      propertyPath: m_LocalPosition.x
      value: 0
      objectReference: {fileID: 0}
    - target: {fileID: 2872359885368286809, guid: 96fcae4f46937444abf63fb1eabbccdb,
        type: 3}
      propertyPath: m_LocalPosition.y
      value: 0
      objectReference: {fileID: 0}
    - target: {fileID: 2872359885368286809, guid: 96fcae4f46937444abf63fb1eabbccdb,
        type: 3}
      propertyPath: m_LocalPosition.z
      value: 0
      objectReference: {fileID: 0}
    - target: {fileID: 2872359885368286809, guid: 96fcae4f46937444abf63fb1eabbccdb,
        type: 3}
      propertyPath: m_LocalRotation.w
      value: 1
      objectReference: {fileID: 0}
    - target: {fileID: 2872359885368286809, guid: 96fcae4f46937444abf63fb1eabbccdb,
        type: 3}
      propertyPath: m_LocalRotation.x
      value: 0
      objectReference: {fileID: 0}
    - target: {fileID: 2872359885368286809, guid: 96fcae4f46937444abf63fb1eabbccdb,
        type: 3}
      propertyPath: m_LocalRotation.y
      value: 0
      objectReference: {fileID: 0}
    - target: {fileID: 2872359885368286809, guid: 96fcae4f46937444abf63fb1eabbccdb,
        type: 3}
      propertyPath: m_LocalRotation.z
      value: 0
      objectReference: {fileID: 0}
    - target: {fileID: 2872359885368286809, guid: 96fcae4f46937444abf63fb1eabbccdb,
        type: 3}
      propertyPath: m_LocalEulerAnglesHint.x
      value: 0
      objectReference: {fileID: 0}
    - target: {fileID: 2872359885368286809, guid: 96fcae4f46937444abf63fb1eabbccdb,
        type: 3}
      propertyPath: m_LocalEulerAnglesHint.y
      value: 0
      objectReference: {fileID: 0}
    - target: {fileID: 2872359885368286809, guid: 96fcae4f46937444abf63fb1eabbccdb,
        type: 3}
      propertyPath: m_LocalEulerAnglesHint.z
      value: 0
      objectReference: {fileID: 0}
    - target: {fileID: 2872359885368286814, guid: 96fcae4f46937444abf63fb1eabbccdb,
        type: 3}
      propertyPath: spawnPoint
      value: 
      objectReference: {fileID: 842606179}
    - target: {fileID: 2872359885368286814, guid: 96fcae4f46937444abf63fb1eabbccdb,
        type: 3}
      propertyPath: goblins.Array.data[0]
      value: 
      objectReference: {fileID: 1173703413}
    - target: {fileID: 2872359885368286814, guid: 96fcae4f46937444abf63fb1eabbccdb,
        type: 3}
      propertyPath: goblins.Array.data[1]
      value: 
      objectReference: {fileID: 258656374}
    - target: {fileID: 2872359885368286814, guid: 96fcae4f46937444abf63fb1eabbccdb,
        type: 3}
      propertyPath: goblins.Array.data[2]
      value: 
      objectReference: {fileID: 1163389321}
    - target: {fileID: 2872359885368286814, guid: 96fcae4f46937444abf63fb1eabbccdb,
        type: 3}
      propertyPath: goblins.Array.data[3]
      value: 
      objectReference: {fileID: 275394928}
    - target: {fileID: 2872359885368286814, guid: 96fcae4f46937444abf63fb1eabbccdb,
        type: 3}
      propertyPath: goblins.Array.data[4]
      value: 
      objectReference: {fileID: 1272985278}
    - target: {fileID: 2872359885368286814, guid: 96fcae4f46937444abf63fb1eabbccdb,
        type: 3}
      propertyPath: goblins.Array.data[5]
      value: 
      objectReference: {fileID: 1363375769}
    - target: {fileID: 2872359885368286814, guid: 96fcae4f46937444abf63fb1eabbccdb,
        type: 3}
      propertyPath: goblins.Array.data[6]
      value: 
      objectReference: {fileID: 1182039399}
    - target: {fileID: 2872359885368286814, guid: 96fcae4f46937444abf63fb1eabbccdb,
        type: 3}
      propertyPath: goblins.Array.data[7]
      value: 
      objectReference: {fileID: 1046730752}
    - target: {fileID: 2872359885368286814, guid: 96fcae4f46937444abf63fb1eabbccdb,
        type: 3}
      propertyPath: goblins.Array.data[8]
      value: 
      objectReference: {fileID: 268954070}
    - target: {fileID: 2872359885368286814, guid: 96fcae4f46937444abf63fb1eabbccdb,
        type: 3}
      propertyPath: goblins.Array.data[9]
      value: 
      objectReference: {fileID: 401568447}
    - target: {fileID: 2872359885368286814, guid: 96fcae4f46937444abf63fb1eabbccdb,
        type: 3}
      propertyPath: wizards.Array.data[0]
      value: 
      objectReference: {fileID: 1011518120}
    - target: {fileID: 2872359885368286814, guid: 96fcae4f46937444abf63fb1eabbccdb,
        type: 3}
      propertyPath: wizards.Array.data[1]
      value: 
      objectReference: {fileID: 1675931454}
    - target: {fileID: 2872359885368286814, guid: 96fcae4f46937444abf63fb1eabbccdb,
        type: 3}
      propertyPath: wizards.Array.data[2]
      value: 
      objectReference: {fileID: 1208550079}
    - target: {fileID: 2872359885368286814, guid: 96fcae4f46937444abf63fb1eabbccdb,
        type: 3}
      propertyPath: wizards.Array.data[3]
      value: 
      objectReference: {fileID: 667186790}
    - target: {fileID: 2872359885368286814, guid: 96fcae4f46937444abf63fb1eabbccdb,
        type: 3}
      propertyPath: wizards.Array.data[4]
      value: 
      objectReference: {fileID: 2125740208}
    - target: {fileID: 2872359885368286814, guid: 96fcae4f46937444abf63fb1eabbccdb,
        type: 3}
      propertyPath: wizards.Array.data[5]
      value: 
      objectReference: {fileID: 81130084}
    - target: {fileID: 2872359885368286814, guid: 96fcae4f46937444abf63fb1eabbccdb,
        type: 3}
      propertyPath: wizards.Array.data[6]
      value: 
      objectReference: {fileID: 1599465259}
    - target: {fileID: 2872359885368286814, guid: 96fcae4f46937444abf63fb1eabbccdb,
        type: 3}
      propertyPath: wizards.Array.data[7]
      value: 
      objectReference: {fileID: 2129827540}
    - target: {fileID: 2872359885368286814, guid: 96fcae4f46937444abf63fb1eabbccdb,
        type: 3}
      propertyPath: wizards.Array.data[8]
      value: 
      objectReference: {fileID: 1073915309}
    - target: {fileID: 2872359885368286814, guid: 96fcae4f46937444abf63fb1eabbccdb,
        type: 3}
      propertyPath: wizards.Array.data[9]
      value: 
      objectReference: {fileID: 628652854}
    - target: {fileID: 2872359885368286814, guid: 96fcae4f46937444abf63fb1eabbccdb,
        type: 3}
      propertyPath: goblins.Array.data[10]
      value: 
      objectReference: {fileID: 591096471}
    - target: {fileID: 2872359885368286814, guid: 96fcae4f46937444abf63fb1eabbccdb,
        type: 3}
      propertyPath: goblins.Array.data[11]
      value: 
      objectReference: {fileID: 1258063566}
    - target: {fileID: 2872359885368286814, guid: 96fcae4f46937444abf63fb1eabbccdb,
        type: 3}
      propertyPath: goblins.Array.data[12]
      value: 
      objectReference: {fileID: 1616701028}
    - target: {fileID: 2872359885368286814, guid: 96fcae4f46937444abf63fb1eabbccdb,
        type: 3}
      propertyPath: goblins.Array.data[13]
      value: 
      objectReference: {fileID: 1069642789}
    - target: {fileID: 2872359885368286814, guid: 96fcae4f46937444abf63fb1eabbccdb,
        type: 3}
      propertyPath: goblins.Array.data[14]
      value: 
      objectReference: {fileID: 1815126991}
    - target: {fileID: 2872359885368286814, guid: 96fcae4f46937444abf63fb1eabbccdb,
        type: 3}
      propertyPath: goblins.Array.data[15]
      value: 
      objectReference: {fileID: 1836645957}
    - target: {fileID: 2872359885368286814, guid: 96fcae4f46937444abf63fb1eabbccdb,
        type: 3}
      propertyPath: goblins.Array.data[16]
      value: 
      objectReference: {fileID: 385431424}
    - target: {fileID: 2872359885368286814, guid: 96fcae4f46937444abf63fb1eabbccdb,
        type: 3}
      propertyPath: goblins.Array.data[17]
      value: 
      objectReference: {fileID: 1625716882}
    - target: {fileID: 2872359885368286814, guid: 96fcae4f46937444abf63fb1eabbccdb,
        type: 3}
      propertyPath: goblins.Array.data[18]
      value: 
      objectReference: {fileID: 663013802}
    - target: {fileID: 2872359885368286814, guid: 96fcae4f46937444abf63fb1eabbccdb,
        type: 3}
      propertyPath: goblins.Array.data[19]
      value: 
      objectReference: {fileID: 2049976661}
    - target: {fileID: 2872359885368286814, guid: 96fcae4f46937444abf63fb1eabbccdb,
        type: 3}
      propertyPath: goblins.Array.data[20]
      value: 
      objectReference: {fileID: 691796554}
    - target: {fileID: 2872359885368286814, guid: 96fcae4f46937444abf63fb1eabbccdb,
        type: 3}
      propertyPath: wizards.Array.data[10]
      value: 
      objectReference: {fileID: 92573791}
    - target: {fileID: 2872359885368286814, guid: 96fcae4f46937444abf63fb1eabbccdb,
        type: 3}
      propertyPath: wizards.Array.data[11]
      value: 
      objectReference: {fileID: 711103886}
    m_RemovedComponents: []
  m_SourcePrefab: {fileID: 100100000, guid: 96fcae4f46937444abf63fb1eabbccdb, type: 3}
--- !u!1001 &6903473176964210495
PrefabInstance:
  m_ObjectHideFlags: 0
  serializedVersion: 2
  m_Modification:
    m_TransformParent: {fileID: 0}
    m_Modifications:
    - target: {fileID: 5613429748763026675, guid: eede96cab59b2bf47803fff211f7d6aa,
        type: 3}
      propertyPath: spawnPoint
      value: 
      objectReference: {fileID: 842606179}
    - target: {fileID: 5613429748765867081, guid: eede96cab59b2bf47803fff211f7d6aa,
        type: 3}
      propertyPath: spawnPoint
      value: 
      objectReference: {fileID: 842606179}
    - target: {fileID: 5613429748789306083, guid: eede96cab59b2bf47803fff211f7d6aa,
        type: 3}
      propertyPath: spawnPoint
      value: 
      objectReference: {fileID: 842606179}
    - target: {fileID: 5613429748805150496, guid: eede96cab59b2bf47803fff211f7d6aa,
        type: 3}
      propertyPath: spawnPoint
      value: 
      objectReference: {fileID: 842606179}
    - target: {fileID: 5613429749216026089, guid: eede96cab59b2bf47803fff211f7d6aa,
        type: 3}
      propertyPath: spawnPoint
      value: 
      objectReference: {fileID: 842606179}
    - target: {fileID: 5613429749468136035, guid: eede96cab59b2bf47803fff211f7d6aa,
        type: 3}
      propertyPath: spawnPoint
      value: 
      objectReference: {fileID: 842606179}
    - target: {fileID: 5613429749474533822, guid: eede96cab59b2bf47803fff211f7d6aa,
        type: 3}
      propertyPath: spawnPoint
      value: 
      objectReference: {fileID: 842606179}
    - target: {fileID: 5613429749556723464, guid: eede96cab59b2bf47803fff211f7d6aa,
        type: 3}
      propertyPath: spawnPoint
      value: 
      objectReference: {fileID: 842606179}
    - target: {fileID: 5613429749613304885, guid: eede96cab59b2bf47803fff211f7d6aa,
        type: 3}
      propertyPath: spawnPoint
      value: 
      objectReference: {fileID: 842606179}
    - target: {fileID: 5613429749724524501, guid: eede96cab59b2bf47803fff211f7d6aa,
        type: 3}
      propertyPath: spawnPoint
      value: 
      objectReference: {fileID: 842606179}
    - target: {fileID: 5613429749851890442, guid: eede96cab59b2bf47803fff211f7d6aa,
        type: 3}
      propertyPath: spawnPoint
      value: 
      objectReference: {fileID: 842606179}
    - target: {fileID: 5613429750140709112, guid: eede96cab59b2bf47803fff211f7d6aa,
        type: 3}
      propertyPath: spawnPoint
      value: 
      objectReference: {fileID: 842606179}
    - target: {fileID: 5613429750182584174, guid: eede96cab59b2bf47803fff211f7d6aa,
        type: 3}
      propertyPath: spawnPoint
      value: 
      objectReference: {fileID: 842606179}
    - target: {fileID: 5613429750188784666, guid: eede96cab59b2bf47803fff211f7d6aa,
        type: 3}
      propertyPath: spawnPoint
      value: 
      objectReference: {fileID: 842606179}
    - target: {fileID: 5613429750198948689, guid: eede96cab59b2bf47803fff211f7d6aa,
        type: 3}
      propertyPath: spawnPoint
      value: 
      objectReference: {fileID: 842606179}
    - target: {fileID: 5613429750214910753, guid: eede96cab59b2bf47803fff211f7d6aa,
        type: 3}
      propertyPath: spawnPoint
      value: 
      objectReference: {fileID: 842606179}
    - target: {fileID: 5613429750480207054, guid: eede96cab59b2bf47803fff211f7d6aa,
        type: 3}
      propertyPath: spawnPoint
      value: 
      objectReference: {fileID: 842606179}
    - target: {fileID: 5613429750634458381, guid: eede96cab59b2bf47803fff211f7d6aa,
        type: 3}
      propertyPath: spawnPoint
      value: 
      objectReference: {fileID: 842606179}
    - target: {fileID: 5613429750641439743, guid: eede96cab59b2bf47803fff211f7d6aa,
        type: 3}
      propertyPath: spawnPoint
      value: 
      objectReference: {fileID: 842606179}
    - target: {fileID: 5613429750849336912, guid: eede96cab59b2bf47803fff211f7d6aa,
        type: 3}
      propertyPath: spawnPoint
      value: 
      objectReference: {fileID: 842606179}
    - target: {fileID: 5613429750861376478, guid: eede96cab59b2bf47803fff211f7d6aa,
        type: 3}
      propertyPath: spawnPoint
      value: 
      objectReference: {fileID: 842606179}
    - target: {fileID: 6903473177393106918, guid: eede96cab59b2bf47803fff211f7d6aa,
        type: 3}
      propertyPath: m_RootOrder
      value: 2
      objectReference: {fileID: 0}
    - target: {fileID: 6903473177393106918, guid: eede96cab59b2bf47803fff211f7d6aa,
        type: 3}
      propertyPath: m_LocalPosition.x
      value: 0
      objectReference: {fileID: 0}
    - target: {fileID: 6903473177393106918, guid: eede96cab59b2bf47803fff211f7d6aa,
        type: 3}
      propertyPath: m_LocalPosition.y
      value: 0
      objectReference: {fileID: 0}
    - target: {fileID: 6903473177393106918, guid: eede96cab59b2bf47803fff211f7d6aa,
        type: 3}
      propertyPath: m_LocalPosition.z
      value: 0
      objectReference: {fileID: 0}
    - target: {fileID: 6903473177393106918, guid: eede96cab59b2bf47803fff211f7d6aa,
        type: 3}
      propertyPath: m_LocalRotation.w
      value: 1
      objectReference: {fileID: 0}
    - target: {fileID: 6903473177393106918, guid: eede96cab59b2bf47803fff211f7d6aa,
        type: 3}
      propertyPath: m_LocalRotation.x
      value: 0
      objectReference: {fileID: 0}
    - target: {fileID: 6903473177393106918, guid: eede96cab59b2bf47803fff211f7d6aa,
        type: 3}
      propertyPath: m_LocalRotation.y
      value: 0
      objectReference: {fileID: 0}
    - target: {fileID: 6903473177393106918, guid: eede96cab59b2bf47803fff211f7d6aa,
        type: 3}
      propertyPath: m_LocalRotation.z
      value: 0
      objectReference: {fileID: 0}
    - target: {fileID: 6903473177393106918, guid: eede96cab59b2bf47803fff211f7d6aa,
        type: 3}
      propertyPath: m_LocalEulerAnglesHint.x
      value: 0
      objectReference: {fileID: 0}
    - target: {fileID: 6903473177393106918, guid: eede96cab59b2bf47803fff211f7d6aa,
        type: 3}
      propertyPath: m_LocalEulerAnglesHint.y
      value: 0
      objectReference: {fileID: 0}
    - target: {fileID: 6903473177393106918, guid: eede96cab59b2bf47803fff211f7d6aa,
        type: 3}
      propertyPath: m_LocalEulerAnglesHint.z
      value: 0
      objectReference: {fileID: 0}
    - target: {fileID: 6903473177393106919, guid: eede96cab59b2bf47803fff211f7d6aa,
        type: 3}
      propertyPath: m_Name
      value: Enemies
      objectReference: {fileID: 0}
    - target: {fileID: 9132250635928754463, guid: eede96cab59b2bf47803fff211f7d6aa,
        type: 3}
      propertyPath: spawnPoint
      value: 
      objectReference: {fileID: 842606179}
    - target: {fileID: 9132250635940346656, guid: eede96cab59b2bf47803fff211f7d6aa,
        type: 3}
      propertyPath: spawnPoint
      value: 
      objectReference: {fileID: 842606179}
    - target: {fileID: 9132250636351456228, guid: eede96cab59b2bf47803fff211f7d6aa,
        type: 3}
      propertyPath: spawnPoint
      value: 
      objectReference: {fileID: 842606179}
    - target: {fileID: 9132250636427902758, guid: eede96cab59b2bf47803fff211f7d6aa,
        type: 3}
      propertyPath: spawnPoint
      value: 
      objectReference: {fileID: 842606179}
    - target: {fileID: 9132250636470104694, guid: eede96cab59b2bf47803fff211f7d6aa,
        type: 3}
      propertyPath: spawnPoint
      value: 
      objectReference: {fileID: 842606179}
    - target: {fileID: 9132250636656073934, guid: eede96cab59b2bf47803fff211f7d6aa,
        type: 3}
      propertyPath: spawnPoint
      value: 
      objectReference: {fileID: 842606179}
    - target: {fileID: 9132250636837924459, guid: eede96cab59b2bf47803fff211f7d6aa,
        type: 3}
      propertyPath: spawnPoint
      value: 
      objectReference: {fileID: 842606179}
    - target: {fileID: 9132250637094382825, guid: eede96cab59b2bf47803fff211f7d6aa,
        type: 3}
      propertyPath: spawnPoint
      value: 
      objectReference: {fileID: 842606179}
    - target: {fileID: 9132250637228297215, guid: eede96cab59b2bf47803fff211f7d6aa,
        type: 3}
      propertyPath: spawnPoint
      value: 
      objectReference: {fileID: 842606179}
    - target: {fileID: 9132250637384834960, guid: eede96cab59b2bf47803fff211f7d6aa,
        type: 3}
      propertyPath: spawnPoint
      value: 
      objectReference: {fileID: 842606179}
    - target: {fileID: 9132250637389459948, guid: eede96cab59b2bf47803fff211f7d6aa,
        type: 3}
      propertyPath: spawnPoint
      value: 
      objectReference: {fileID: 842606179}
    - target: {fileID: 9132250637570827902, guid: eede96cab59b2bf47803fff211f7d6aa,
        type: 3}
      propertyPath: spawnPoint
      value: 
      objectReference: {fileID: 842606179}
    m_RemovedComponents: []
  m_SourcePrefab: {fileID: 100100000, guid: eede96cab59b2bf47803fff211f7d6aa, type: 3}
