%YAML 1.1
%TAG !u! tag:unity3d.com,2011:
--- !u!29 &1
OcclusionCullingSettings:
  m_ObjectHideFlags: 0
  serializedVersion: 2
  m_OcclusionBakeSettings:
    smallestOccluder: 5
    smallestHole: 0.25
    backfaceThreshold: 100
  m_SceneGUID: 00000000000000000000000000000000
  m_OcclusionCullingData: {fileID: 0}
--- !u!104 &2
RenderSettings:
  m_ObjectHideFlags: 0
  serializedVersion: 9
  m_Fog: 0
  m_FogColor: {r: 0.5, g: 0.5, b: 0.5, a: 1}
  m_FogMode: 3
  m_FogDensity: 0.01
  m_LinearFogStart: 0
  m_LinearFogEnd: 300
  m_AmbientSkyColor: {r: 0.212, g: 0.227, b: 0.259, a: 1}
  m_AmbientEquatorColor: {r: 0.114, g: 0.125, b: 0.133, a: 1}
  m_AmbientGroundColor: {r: 0.047, g: 0.043, b: 0.035, a: 1}
  m_AmbientIntensity: 1
  m_AmbientMode: 0
  m_SubtractiveShadowColor: {r: 0.42, g: 0.478, b: 0.627, a: 1}
  m_SkyboxMaterial: {fileID: 10304, guid: 0000000000000000f000000000000000, type: 0}
  m_HaloStrength: 0.5
  m_FlareStrength: 1
  m_FlareFadeSpeed: 3
  m_HaloTexture: {fileID: 0}
  m_SpotCookie: {fileID: 10001, guid: 0000000000000000e000000000000000, type: 0}
  m_DefaultReflectionMode: 0
  m_DefaultReflectionResolution: 128
  m_ReflectionBounces: 1
  m_ReflectionIntensity: 1
  m_CustomReflection: {fileID: 0}
  m_Sun: {fileID: 0}
  m_IndirectSpecularColor: {r: 0.12731713, g: 0.13414738, b: 0.121078536, a: 1}
  m_UseRadianceAmbientProbe: 0
--- !u!157 &3
LightmapSettings:
  m_ObjectHideFlags: 0
  serializedVersion: 12
  m_GIWorkflowMode: 1
  m_GISettings:
    serializedVersion: 2
    m_BounceScale: 1
    m_IndirectOutputScale: 1
    m_AlbedoBoost: 1
    m_EnvironmentLightingMode: 0
    m_EnableBakedLightmaps: 1
    m_EnableRealtimeLightmaps: 0
  m_LightmapEditorSettings:
    serializedVersion: 12
    m_Resolution: 2
    m_BakeResolution: 40
    m_AtlasSize: 1024
    m_AO: 0
    m_AOMaxDistance: 1
    m_CompAOExponent: 1
    m_CompAOExponentDirect: 0
    m_ExtractAmbientOcclusion: 0
    m_Padding: 2
    m_LightmapParameters: {fileID: 0}
    m_LightmapsBakeMode: 1
    m_TextureCompression: 1
    m_FinalGather: 0
    m_FinalGatherFiltering: 1
    m_FinalGatherRayCount: 256
    m_ReflectionCompression: 2
    m_MixedBakeMode: 2
    m_BakeBackend: 1
    m_PVRSampling: 1
    m_PVRDirectSampleCount: 32
    m_PVRSampleCount: 512
    m_PVRBounces: 2
    m_PVREnvironmentSampleCount: 256
    m_PVREnvironmentReferencePointCount: 2048
    m_PVRFilteringMode: 1
    m_PVRDenoiserTypeDirect: 1
    m_PVRDenoiserTypeIndirect: 1
    m_PVRDenoiserTypeAO: 1
    m_PVRFilterTypeDirect: 0
    m_PVRFilterTypeIndirect: 0
    m_PVRFilterTypeAO: 0
    m_PVREnvironmentMIS: 1
    m_PVRCulling: 1
    m_PVRFilteringGaussRadiusDirect: 1
    m_PVRFilteringGaussRadiusIndirect: 5
    m_PVRFilteringGaussRadiusAO: 2
    m_PVRFilteringAtrousPositionSigmaDirect: 0.5
    m_PVRFilteringAtrousPositionSigmaIndirect: 2
    m_PVRFilteringAtrousPositionSigmaAO: 1
    m_ExportTrainingData: 0
    m_TrainingDataDestination: TrainingData
    m_LightProbeSampleCountMultiplier: 4
  m_LightingDataAsset: {fileID: 0}
  m_LightingSettings: {fileID: 0}
--- !u!196 &4
NavMeshSettings:
  serializedVersion: 2
  m_ObjectHideFlags: 0
  m_BuildSettings:
    serializedVersion: 2
    agentTypeID: 0
    agentRadius: 0.5
    agentHeight: 2
    agentSlope: 45
    agentClimb: 0.4
    ledgeDropHeight: 0
    maxJumpAcrossDistance: 0
    minRegionArea: 2
    manualCellSize: 0
    cellSize: 0.16666667
    manualTileSize: 0
    tileSize: 256
    accuratePlacement: 0
    maxJobWorkers: 0
    preserveTilesOutsideBounds: 0
    debug:
      m_Flags: 0
  m_NavMeshData: {fileID: 0}
--- !u!1 &54238270
GameObject:
  m_ObjectHideFlags: 0
  m_CorrespondingSourceObject: {fileID: 0}
  m_PrefabInstance: {fileID: 0}
  m_PrefabAsset: {fileID: 0}
  serializedVersion: 6
  m_Component:
  - component: {fileID: 54238271}
  m_Layer: 0
  m_Name: Positions
  m_TagString: Untagged
  m_Icon: {fileID: 0}
  m_NavMeshLayer: 0
  m_StaticEditorFlags: 0
  m_IsActive: 1
--- !u!4 &54238271
Transform:
  m_ObjectHideFlags: 0
  m_CorrespondingSourceObject: {fileID: 0}
  m_PrefabInstance: {fileID: 0}
  m_PrefabAsset: {fileID: 0}
  m_GameObject: {fileID: 54238270}
  m_LocalRotation: {x: 0, y: 0, z: 0, w: 1}
  m_LocalPosition: {x: 0, y: 0, z: 0}
  m_LocalScale: {x: 1, y: 1, z: 1}
  m_ConstrainProportionsScale: 0
  m_Children:
  - {fileID: 463869835}
  - {fileID: 604018736}
  m_Father: {fileID: 0}
  m_RootOrder: 3
  m_LocalEulerAnglesHint: {x: 0, y: 0, z: 0}
--- !u!1001 &295311907
PrefabInstance:
  m_ObjectHideFlags: 0
  serializedVersion: 2
  m_Modification:
    m_TransformParent: {fileID: 0}
    m_Modifications:
    - target: {fileID: 762787167923657402, guid: bea102aa995c70845aa0ba3ac9c483cb,
        type: 3}
      propertyPath: playerWavePosition
      value: 
      objectReference: {fileID: 604018736}
    - target: {fileID: 762787167923657402, guid: bea102aa995c70845aa0ba3ac9c483cb,
        type: 3}
      propertyPath: playerStartPosition
      value: 
      objectReference: {fileID: 463869835}
    - target: {fileID: 6482370865673866666, guid: bea102aa995c70845aa0ba3ac9c483cb,
        type: 3}
      propertyPath: m_LocalScale.x
      value: 0.42254177
      objectReference: {fileID: 0}
    - target: {fileID: 6482370865673866666, guid: bea102aa995c70845aa0ba3ac9c483cb,
        type: 3}
      propertyPath: m_LocalScale.y
      value: 0.12854734
      objectReference: {fileID: 0}
    - target: {fileID: 7310095669551481499, guid: bea102aa995c70845aa0ba3ac9c483cb,
        type: 3}
      propertyPath: m_LocalScale.x
      value: 2.406095
      objectReference: {fileID: 0}
    - target: {fileID: 7310095669551481499, guid: bea102aa995c70845aa0ba3ac9c483cb,
        type: 3}
      propertyPath: m_LocalScale.y
      value: 0.4620174
      objectReference: {fileID: 0}
    - target: {fileID: 8509678506779584944, guid: bea102aa995c70845aa0ba3ac9c483cb,
        type: 3}
      propertyPath: m_Name
      value: Player
      objectReference: {fileID: 0}
    - target: {fileID: 8509678506779584945, guid: bea102aa995c70845aa0ba3ac9c483cb,
        type: 3}
      propertyPath: m_RootOrder
      value: 1
      objectReference: {fileID: 0}
    - target: {fileID: 8509678506779584945, guid: bea102aa995c70845aa0ba3ac9c483cb,
        type: 3}
      propertyPath: m_LocalPosition.x
      value: -213
      objectReference: {fileID: 0}
    - target: {fileID: 8509678506779584945, guid: bea102aa995c70845aa0ba3ac9c483cb,
        type: 3}
      propertyPath: m_LocalPosition.y
      value: 0.058242142
      objectReference: {fileID: 0}
    - target: {fileID: 8509678506779584945, guid: bea102aa995c70845aa0ba3ac9c483cb,
        type: 3}
      propertyPath: m_LocalPosition.z
      value: -47.5
      objectReference: {fileID: 0}
    - target: {fileID: 8509678506779584945, guid: bea102aa995c70845aa0ba3ac9c483cb,
        type: 3}
      propertyPath: m_LocalRotation.w
      value: 1
      objectReference: {fileID: 0}
    - target: {fileID: 8509678506779584945, guid: bea102aa995c70845aa0ba3ac9c483cb,
        type: 3}
      propertyPath: m_LocalRotation.x
      value: 0
      objectReference: {fileID: 0}
    - target: {fileID: 8509678506779584945, guid: bea102aa995c70845aa0ba3ac9c483cb,
        type: 3}
      propertyPath: m_LocalRotation.y
      value: 0
      objectReference: {fileID: 0}
    - target: {fileID: 8509678506779584945, guid: bea102aa995c70845aa0ba3ac9c483cb,
        type: 3}
      propertyPath: m_LocalRotation.z
      value: 0
      objectReference: {fileID: 0}
    - target: {fileID: 8509678506779584945, guid: bea102aa995c70845aa0ba3ac9c483cb,
        type: 3}
      propertyPath: m_LocalEulerAnglesHint.x
      value: 0
      objectReference: {fileID: 0}
    - target: {fileID: 8509678506779584945, guid: bea102aa995c70845aa0ba3ac9c483cb,
        type: 3}
      propertyPath: m_LocalEulerAnglesHint.y
      value: 0
      objectReference: {fileID: 0}
    - target: {fileID: 8509678506779584945, guid: bea102aa995c70845aa0ba3ac9c483cb,
        type: 3}
      propertyPath: m_LocalEulerAnglesHint.z
      value: 0
      objectReference: {fileID: 0}
    m_RemovedComponents: []
  m_SourcePrefab: {fileID: 100100000, guid: bea102aa995c70845aa0ba3ac9c483cb, type: 3}
--- !u!4 &295311908 stripped
Transform:
  m_CorrespondingSourceObject: {fileID: 8509678506779584945, guid: bea102aa995c70845aa0ba3ac9c483cb,
    type: 3}
  m_PrefabInstance: {fileID: 295311907}
  m_PrefabAsset: {fileID: 0}
--- !u!1 &295311909 stripped
GameObject:
  m_CorrespondingSourceObject: {fileID: 8509678506779584944, guid: bea102aa995c70845aa0ba3ac9c483cb,
    type: 3}
  m_PrefabInstance: {fileID: 295311907}
  m_PrefabAsset: {fileID: 0}
--- !u!1 &463869834
GameObject:
  m_ObjectHideFlags: 0
  m_CorrespondingSourceObject: {fileID: 0}
  m_PrefabInstance: {fileID: 0}
  m_PrefabAsset: {fileID: 0}
  serializedVersion: 6
  m_Component:
  - component: {fileID: 463869835}
  m_Layer: 0
  m_Name: PlayerStartPosition
  m_TagString: Untagged
  m_Icon: {fileID: 0}
  m_NavMeshLayer: 0
  m_StaticEditorFlags: 0
  m_IsActive: 1
--- !u!4 &463869835
Transform:
  m_ObjectHideFlags: 0
  m_CorrespondingSourceObject: {fileID: 0}
  m_PrefabInstance: {fileID: 0}
  m_PrefabAsset: {fileID: 0}
  m_GameObject: {fileID: 463869834}
  m_LocalRotation: {x: 0, y: 0, z: 0, w: 1}
  m_LocalPosition: {x: -224.55989, y: 0.000037550926, z: -45.629974}
  m_LocalScale: {x: 1, y: 1, z: 1}
  m_ConstrainProportionsScale: 0
  m_Children: []
  m_Father: {fileID: 54238271}
  m_RootOrder: 0
  m_LocalEulerAnglesHint: {x: 0, y: 0, z: 0}
--- !u!1 &604018735
GameObject:
  m_ObjectHideFlags: 0
  m_CorrespondingSourceObject: {fileID: 0}
  m_PrefabInstance: {fileID: 0}
  m_PrefabAsset: {fileID: 0}
  serializedVersion: 6
  m_Component:
  - component: {fileID: 604018736}
  m_Layer: 0
  m_Name: PlayerRoundPosition
  m_TagString: Untagged
  m_Icon: {fileID: 0}
  m_NavMeshLayer: 0
  m_StaticEditorFlags: 0
  m_IsActive: 1
--- !u!4 &604018736
Transform:
  m_ObjectHideFlags: 0
  m_CorrespondingSourceObject: {fileID: 0}
  m_PrefabInstance: {fileID: 0}
  m_PrefabAsset: {fileID: 0}
  m_GameObject: {fileID: 604018735}
  m_LocalRotation: {x: 0, y: 0, z: 0, w: 1}
  m_LocalPosition: {x: -250.05989, y: 0.000037550926, z: -45.629974}
  m_LocalScale: {x: 1, y: 1, z: 1}
  m_ConstrainProportionsScale: 0
  m_Children: []
  m_Father: {fileID: 54238271}
  m_RootOrder: 1
  m_LocalEulerAnglesHint: {x: 0, y: 0, z: 0}
--- !u!1001 &1076713757
PrefabInstance:
  m_ObjectHideFlags: 0
  serializedVersion: 2
  m_Modification:
    m_TransformParent: {fileID: 0}
    m_Modifications:
    - target: {fileID: 8001540082892382744, guid: 9de481764e8b9924f93f45e5290bf240,
        type: 3}
      propertyPath: m_Name
      value: PlayerCamera
      objectReference: {fileID: 0}
    - target: {fileID: 8001540082892382745, guid: 9de481764e8b9924f93f45e5290bf240,
        type: 3}
      propertyPath: m_RootOrder
      value: 0
      objectReference: {fileID: 0}
    - target: {fileID: 8001540082892382745, guid: 9de481764e8b9924f93f45e5290bf240,
        type: 3}
      propertyPath: m_LocalPosition.x
      value: 0
      objectReference: {fileID: 0}
    - target: {fileID: 8001540082892382745, guid: 9de481764e8b9924f93f45e5290bf240,
        type: 3}
      propertyPath: m_LocalPosition.y
      value: 0
      objectReference: {fileID: 0}
    - target: {fileID: 8001540082892382745, guid: 9de481764e8b9924f93f45e5290bf240,
        type: 3}
      propertyPath: m_LocalPosition.z
      value: 0
      objectReference: {fileID: 0}
    - target: {fileID: 8001540082892382745, guid: 9de481764e8b9924f93f45e5290bf240,
        type: 3}
      propertyPath: m_LocalRotation.w
      value: 1
      objectReference: {fileID: 0}
    - target: {fileID: 8001540082892382745, guid: 9de481764e8b9924f93f45e5290bf240,
        type: 3}
      propertyPath: m_LocalRotation.x
      value: 0
      objectReference: {fileID: 0}
    - target: {fileID: 8001540082892382745, guid: 9de481764e8b9924f93f45e5290bf240,
        type: 3}
      propertyPath: m_LocalRotation.y
      value: 0
      objectReference: {fileID: 0}
    - target: {fileID: 8001540082892382745, guid: 9de481764e8b9924f93f45e5290bf240,
        type: 3}
      propertyPath: m_LocalRotation.z
      value: 0
      objectReference: {fileID: 0}
    - target: {fileID: 8001540082892382745, guid: 9de481764e8b9924f93f45e5290bf240,
        type: 3}
      propertyPath: m_LocalEulerAnglesHint.x
      value: 0
      objectReference: {fileID: 0}
    - target: {fileID: 8001540082892382745, guid: 9de481764e8b9924f93f45e5290bf240,
        type: 3}
      propertyPath: m_LocalEulerAnglesHint.y
      value: 0
      objectReference: {fileID: 0}
    - target: {fileID: 8001540082892382745, guid: 9de481764e8b9924f93f45e5290bf240,
        type: 3}
      propertyPath: m_LocalEulerAnglesHint.z
      value: 0
      objectReference: {fileID: 0}
    - target: {fileID: 8001540083097899390, guid: 9de481764e8b9924f93f45e5290bf240,
        type: 3}
      propertyPath: m_LocalPosition.x
      value: -213
      objectReference: {fileID: 0}
    - target: {fileID: 8001540083097899390, guid: 9de481764e8b9924f93f45e5290bf240,
        type: 3}
      propertyPath: m_LocalRotation.y
      value: -0.000000022220119
      objectReference: {fileID: 0}
    - target: {fileID: 8001540083097899390, guid: 9de481764e8b9924f93f45e5290bf240,
        type: 3}
      propertyPath: m_LocalRotation.z
      value: 0.000000009918938
      objectReference: {fileID: 0}
    - target: {fileID: 8001540083459695085, guid: 9de481764e8b9924f93f45e5290bf240,
        type: 3}
      propertyPath: m_Follow
      value: 
      objectReference: {fileID: 295311908}
    - target: {fileID: 8001540083459695085, guid: 9de481764e8b9924f93f45e5290bf240,
        type: 3}
      propertyPath: m_LookAt
      value: 
      objectReference: {fileID: 295311908}
    - target: {fileID: 8001540083459695086, guid: 9de481764e8b9924f93f45e5290bf240,
        type: 3}
      propertyPath: m_LocalPosition.x
      value: -213
      objectReference: {fileID: 0}
    - target: {fileID: 8001540083459695086, guid: 9de481764e8b9924f93f45e5290bf240,
        type: 3}
      propertyPath: m_LocalRotation.y
      value: -0.000000022220119
      objectReference: {fileID: 0}
    - target: {fileID: 8001540083459695086, guid: 9de481764e8b9924f93f45e5290bf240,
        type: 3}
      propertyPath: m_LocalRotation.z
      value: 0.000000009918938
      objectReference: {fileID: 0}
    m_RemovedComponents: []
  m_SourcePrefab: {fileID: 100100000, guid: 9de481764e8b9924f93f45e5290bf240, type: 3}
--- !u!1 &1161157590
GameObject:
  m_ObjectHideFlags: 0
  m_CorrespondingSourceObject: {fileID: 0}
  m_PrefabInstance: {fileID: 0}
  m_PrefabAsset: {fileID: 0}
  serializedVersion: 6
  m_Component:
  - component: {fileID: 1161157592}
  - component: {fileID: 1161157591}
  - component: {fileID: 1161157593}
  m_Layer: 0
  m_Name: SceneContext
  m_TagString: Untagged
  m_Icon: {fileID: 0}
  m_NavMeshLayer: 0
  m_StaticEditorFlags: 0
  m_IsActive: 1
--- !u!114 &1161157591
MonoBehaviour:
  m_ObjectHideFlags: 0
  m_CorrespondingSourceObject: {fileID: 0}
  m_PrefabInstance: {fileID: 0}
  m_PrefabAsset: {fileID: 0}
  m_GameObject: {fileID: 1161157590}
  m_Enabled: 1
  m_EditorHideFlags: 0
  m_Script: {fileID: 11500000, guid: 89715ad69b973a14899afa2c6730b30b, type: 3}
  m_Name: 
  m_EditorClassIdentifier: 
  _scriptableObjectInstallers: []
  _monoInstallers:
  - {fileID: 1161157593}
  _installerPrefabs: []
  _autoRun: 1
  OnPreInstall:
    m_PersistentCalls:
      m_Calls: []
  OnPostInstall:
    m_PersistentCalls:
      m_Calls: []
  OnPreResolve:
    m_PersistentCalls:
      m_Calls: []
  OnPostResolve:
    m_PersistentCalls:
      m_Calls: []
  _parentNewObjectsUnderSceneContext: 0
  _contractNames:
  - Player
  _parentContractNames:
  - GlobalManagers
--- !u!4 &1161157592
Transform:
  m_ObjectHideFlags: 0
  m_CorrespondingSourceObject: {fileID: 0}
  m_PrefabInstance: {fileID: 0}
  m_PrefabAsset: {fileID: 0}
  m_GameObject: {fileID: 1161157590}
  m_LocalRotation: {x: 0, y: 0, z: 0, w: 1}
  m_LocalPosition: {x: 0, y: 0, z: 0}
  m_LocalScale: {x: 1, y: 1, z: 1}
  m_ConstrainProportionsScale: 0
  m_Children: []
  m_Father: {fileID: 0}
  m_RootOrder: 2
  m_LocalEulerAnglesHint: {x: 0, y: 0, z: 0}
--- !u!114 &1161157593
MonoBehaviour:
  m_ObjectHideFlags: 0
  m_CorrespondingSourceObject: {fileID: 0}
  m_PrefabInstance: {fileID: 0}
  m_PrefabAsset: {fileID: 0}
  m_GameObject: {fileID: 1161157590}
  m_Enabled: 1
  m_EditorHideFlags: 0
  m_Script: {fileID: 11500000, guid: 39141d110f60fd3448e4ff2a173053d6, type: 3}
  m_Name: 
  m_EditorClassIdentifier: 
  player: {fileID: 295311909}
